2636 3806
353 287 550 348 manuus
570 287 689 348 nouo.
725 261 866 348 1'.1o.11.
1019 257 1060 358 at

146 460 295 534 ,matun
317 459 395 532 priua
419 459 576 531 videamus,
595 461 664 534 quid
687 461 725 516 stt
745 475 864 532 peecare
881 468 911 516 et
926 460 995 532 quid
1012 455 1063 531 pro

157 551 274 620 peccato
291 545 458 602 satisfacere„
489 549 558 603 Boe.
576 547 669 602 Tuum
690 554 733 603 est
748 547 906 617 ostendere,
924 553 954 602 et
970 561 1062 602 meum

158 631 308 689 intendere.
342 634 413 688 Aac.
447 631 477 690 Si
501 633 618 706 angelus
646 640 675 690 et
696 633 778 689 homo
801 650 909 704 semper
933 632 1096 689 redderet2

158 717 221 775 Deo
239 719 314 790 quod
331 718 422 783 debet,
441 735 584 790 nunquam
600 725 737 790 peccaret.
772 723 842 774 Boc.
864 719 980 789 Nequeo
998 733 1062 772 con-

156 805 301 862 tradicere.
345 807 414 859 Assa
446 805 511 862 Non
536 810 579 860 est
603 805 700 876 itaque
723 806 799 860 aliud
823 820 954 877 peccare,
979 804 1096 874 quam3

157 891 219 947 Deo
246 907 302 946 non
325 889 441 947 reddere
470 890 603 948 debitum.
638 891 707 946 Bos.
743 891 817 956 Quid
840 887 1062 954 estdebitum1)

158 976 234 1047 quod
259 975 322 1031 Deo
348 975 502 1030 debemus?
536 977 607 1034 Aac.
643 976 740 1033 Omnis
765 975 893 1032 voluntas
919 971 1096 1028 mtionaliat

157 1065 301 1116 creaturae
318 1059 445 1115 subiecta
463 1061 546 1117 debet
563 1077 624 1118 esse
642 1061 778 1118 voluntati
795 1061 857 1118 Dei.
893 1061 962 1114 Bos.
985 1053 1063 1114 Nihil

156 1147 257 1202 verius.
292 1147 361 1201 Ana.
391 1142 454 1199 Hoc
477 1153 520 1201 est
543 1147 668 1202 debitum
692 1149 768 1220 quod
793 1147 877 1202 debet
901 1145 1017 1216 angelus
1036 1150 1096 1200 eto

158 1231 240 1289 homo
258 1231 328 1301 Deo,
346 1231 421 1304 quod
439 1231 571 1287 solvendo
587 1233 682 1287 nullus
699 1240 812 1304 peccat3
836 1237 865 1289 et
882 1231 957 1304 quod
975 1229 1064 1286 omnia

159 1316 207 1388 qni
224 1333 280 1372 non
299 1316 394 1386 solvit,
421 1324 527 1387 peccat.
562 1311 652 1374 Haec
664 1323 707 1373 est
723 1309 831 1372 iustitia
850 1319 909 1374 sive
925 1311 1063 1372 rectitudo

158 1402 320 1471 voluntatis,
353 1419 426 1474 quae
450 1402 538 1458 iustos
565 1402 636 1458 facit
664 1403 723 1458 sive
753 1409 842 1457 rectos
872 1402 969 1468 corde,
996 1399 1013 1454 i,
1039 1414 1063 1453 a.

160 1487 317 1555 voluntate,
342 1485 387 1542 hic
409 1495 452 1544 est
474 1488 550 1544 eolus
573 1495 602 1544 et
626 1494 702 1544 totus
727 1488 812 1543 honor
831 1503 913 1559 quem
931 1485 1063 1540 debemus

159 1573 233 1643 Deo,
255 1579 284 1630 et
307 1589 389 1645 quem
412 1588 430 1628 a
450 1575 532 1630 nobis
555 1573 642 1646 exigit
656 1573 742 1629 Deua.
759 1593 762 1598 ⁴
777 1573 842 1630 Sola
861 1583 982 1643 namque
997 1565 1098 1626 talisi

158 1659 287 1715 voluntas
321 1677 406 1730 opera
434 1660 504 1716 facit
540 1660 644 1732 placite
674 1658 753 1729 Deo,
785 1673 849 1714 cum
879 1663 971 1730 potest
1000 1669 1065 1728 opa-

159 1746 233 1815 rari3
264 1752 293 1801 et
321 1761 385 1800 cum
412 1763 469 1800 non
499 1751 604 1818 potest,
631 1747 695 1816 ipsa
726 1746 786 1801 sola
815 1759 867 1816 per
902 1761 932 1799 se
962 1743 1065 1816 placet,

161 1832 228 1903 quia
255 1831 364 1886 nullum
392 1849 461 1903 opus
500 1831 560 1887 sine
589 1831 641 1886 illa
669 1831 769 1903 placet.
820 1830 904 1886 Hunc
934 1829 1066 1896 honorem

161 1916 287 1972 debitum
330 1915 378 1988 qui
415 1917 477 1972 Deo
520 1933 577 1972 non
618 1917 725 1987 reddit,
766 1917 858 1972 aufert
892 1916 957 1972 Deo
991 1914 1067 1984 quod

161 2017 244 2056 auum
273 2007 331 2070 est,
359 2009 388 2058 et
414 2002 507 2058 Deum
538 2003 704 2070 exhonorat;
735 2006 764 2057 et
793 2001 847 2056 hoc
873 2005 916 2056 est
941 2011 1067 2069 pecuare.

160 2085 302 2151 Quamdiu
319 2094 412 2142 autem
428 2105 484 2143 non
502 2089 585 2144 solvit
603 2088 678 2159 quod
695 2087 797 2157 rapuit,
814 2091 907 2140 manet
925 2085 954 2138 iu
967 2081 1066 2154 culpe3
1084 2080 1099 2130 7

160 2189 213 2229 nec
237 2171 342 2228 sufficit
364 2173 535 2228 solummodo
559 2173 676 2228 reddere
696 2173 771 2244 quod
788 2171 913 2226 ablatum
932 2177 991 2240 est,
1016 2171 1067 2226 sed

160 2276 213 2330 pro
230 2257 396 2314 contumelia
414 2257 494 2312 illata
510 2257 573 2329 plus
594 2257 678 2314 debet
696 2256 821 2327 reddere,
840 2271 924 2328 quam
941 2255 1065 2315 abstulit.

162 2342 241 2400 Sicut
265 2342 339 2398 enim
361 2342 410 2413 qui
431 2343 519 2398 laedit
543 2343 662 2397 salutem
686 2341 814 2411 alterius,
839 2361 896 2400 non
920 2342 1023 2398 suffieit
1042 2342 1099 2397 sid

163 2429 281 2485 salutem
303 2429 436 2497 restituit,
461 2428 515 2482 nisi
537 2445 588 2499 pro
612 2427 692 2482 illata
717 2427 820 2483 doloris
841 2427 944 2484 inimic
963 2445 1067 2483 recom-

162 2519 261 2586 penset
278 2513 399 2585 aliquid‚
416 2512 457 2567 ita
475 2513 524 2584 qui
540 2513 671 2568 honorem
689 2513 806 2569 alicuius
822 2513 919 2578 violat,
938 2531 994 2569 non
1010 2513 1068 2568 suf·

162 2599 222 2654 ficit
241 2598 372 2654 honorem
397 2597 525 2669 reddere,
554 2599 579 2652 ai
600 2613 657 2654 non
679 2601 830 2655 secundum
847 2599 1068 2655 exhonorationis

162 2683 266 2738 iactam
290 2683 446 2738 molestiam
466 2683 590 2754 aliquid,
615 2685 690 2756 quod
714 2686 807 2757 placet
823 2685 865 2739 illi
883 2701 965 2756 quem
986 2684 1069 2739 exho-

162 2769 287 2837 noravit,
304 2769 438 2824 restituat
472 2768 535 2824 Hoc
553 2785 663 2842 quoque
680 2770 891 2838 attendendum,
911 2769 986 2840 quod
1004 2769 1102 2823 sumti

164 2853 266 2925 aliquis
280 2856 355 2926 quod
372 2855 475 2909 iniuste
490 2855 615 2924 abstulit,
633 2855 722 2923 solvit,
742 2855 793 2910 hoc
813 2853 897 2911 debet
914 2855 982 2909 dare
993 2853 1069 2925 quod

164 2939 201 2994 ab
218 2939 267 2992 illo
284 2943 339 2994 non
360 2945 456 3010 posset
473 2939 562 3012 exigi,
586 2940 610 2994 si
628 2941 748 2996 alienum
766 2957 823 2995 non
841 2939 986 3011 repuisset
1022 2936 1069 2993 sto
1088 2937 1119 2988 1⁰

164 3041 231 3096 ergo
264 3025 347 3081 debet
375 3025 463 3080 omnis
490 3026 538 3096 qui
564 3031 679 3096 peceat,
706 3025 838 3082 honorem
867 3041 949 3096 quem
975 3020 1070 3092 rapuit

163 3109 241 3173 Deo,
265 3110 384 3178 solvere3
411 3116 440 3166 et
458 3111 527 3166 haec
545 3117 588 3166 ert
604 3110 771 3182 satisfactio,
797 3125 881 3182 quam
898 3108 986 3164 omnis
1005 3121 1070 3179 pee-
1088 3104 1091 3110 ’

163 3201 242 3252 rator
260 3196 345 3252 debet
362 3197 422 3252 Deo
437 3195 539 3252 fecere.
573 3197 642 3252 Boe.
677 3195 712 3250 In
726 3196 770 3250 his
786 3195 921 3263 omnssrus,
939 3192 1071 3266 quoniam
1089 3195 1119 3281 ¹¹.

149 3429 152 3432 Ι
236 3357 263 3419 1)
282 3351 365 3415 Qrsod
382 3358 423 3406 eu
439 3350 562 3408 debiam
580 3350 606 3405 B
624 3350 655 3409 (i.
966 3379 973 3402 .·
1019 3369 1073 3423 ·,τ·.··.ι

828 3430 1106 3580 „m
