2636 3806
231 264 273 330 14
404 262 434 319 e.
451 261 625 320 susum
645 260 954 344 esrmssmusrs

227 429 384 488 obediendo
415 431 618 502 perseveravit,
650 431 790 488 sustinuit.
833 431 906 489 Num
929 431 1015 486 illntu'
1031 437 1073 488 est
1097 431 1140 488 illi

228 533 302 572 mors
332 516 399 586 quis
424 517 546 588 perstitit
572 517 602 572 in
632 517 803 589 obedientie,
830 523 860 573 et
889 516 962 573 hunc
992 515 1139 586 sustinuit3

230 600 281 656 sed
299 602 438 672 quomodo
460 601 513 658 hoc
531 601 691 658 obedientie
713 621 770 659 non
796 603 908 676 exiget,
932 619 989 657 non
1005 600 1141 672 intelligo.

196 687 213 737 6
230 688 301 742 Asse.
322 687 352 742 Si
369 686 451 742 homo
468 704 611 758 nunquam
628 695 784 758 peccasset,
805 689 919 745 deberet
936 687 997 757 peti
1013 693 1139 756 mortem,

196 773 280 828 ‘taut
303 771 418 828 deberet
435 771 513 828 Deus
538 772 590 828 hoc
615 773 651 829 eb
674 773 721 828 illo
740 772 872 844 exigere?
907 774 976 826 Boe.
1000 771 1138 836 Quemad-

229 857 344 913 modum
369 857 521 926 credimus,
544 875 596 914 neo
617 857 700 912 homo
726 860 879 911 moreretur
904 874 956 912 nee
974 857 1028 912 hoe
1046 857 1138 928 exige,

228 948 306 1000 retu
330 942 453 1013 abillo,
478 943 527 1000 scd
542 942 632 999 ¹buius
656 942 697 999 rei
719 959 738 996 s
753 947 782 996 te
800 941 896 997 audire
914 942 978 997 volo
993 942 1138 998 rationem

228 1029 299 1083 Aes.
325 1027 501 1104 Rationalem
527 1033 683 1084 creebnsm
709 1026 810 1082 iustum
830 1026 933 1082 fectum
960 1044 1021 1084 esse
1046 1033 1076 1082 et
1101 1026 1138 1082 ed

227 1113 289 1192 boo,
310 1120 343 1172 ut
360 1112 421 1168 Deo
439 1112 558 1170 fruendo
576 1111 661 1170 beate
679 1119 760 1181 esset,
776 1128 833 1167 non
850 1129 945 1184 neges.
975 1114 1045 1168 Bos.
1065 1112 1137 1169 Non.

194 1198 299 1254 8Ane.
324 1199 387 1254 Deo
408 1205 502 1254 eutem
525 1213 702 1271 nequequam
729 1197 888 1254 aestimabis
914 1196 1076 1266 convenire,
1105 1202 1138 1254 ut

228 1301 313 1356 quem
338 1283 406 1341 fecit
429 1283 530 1340 iustam
556 1285 592 1340 ed
619 1283 837 1353 beatitudinem,
864 1288 948 1354 coget
972 1281 1032 1336 sine
1055 1281 1140 1352 culpe

228 1386 289 1426 esse
317 1369 464 1440 miserem3
495 1371 635 1426 hominem
664 1369 737 1425 enim
765 1368 884 1423 invitum
909 1366 980 1421 mori
1006 1366 1138 1422 miserum

194 1455 210 1506 9
228 1459 278 1510 est
314 1458 384 1512 Bos.
407 1454 502 1525 Putet,
529 1454 637 1527 quiesi
657 1471 714 1510 non
731 1459 877 1525 peccasset
893 1452 988 1522 homo,
1012 1470 1070 1508 non
1090 1445 1137 1507 de·

178 1541 210 1594 10
227 1537 307 1596 beret
322 1540 409 1600 ,Deus
436 1539 475 1596 sb
502 1556 535 1594 eo
565 1544 683 1594 mortem
708 1540 827 1612 exigere.
873 1541 944 1593 Aee.
978 1537 1042 1594 Non
1070 1553 1138 1610 ergo

134 1621 136 1627 ’
227 1624 417 1696 distensus
438 1624 579 1680 Christum
595 1623 678 1694 mori,
705 1624 734 1678 in
758 1641 816 1696 quo
838 1623 946 1678 nullum
968 1623 1023 1678 fuit
1039 1639 1138 1694 pecce-

225 1715 302 1779 tum3
329 1710 379 1764 sed
403 1709 465 1781 ipse
487 1714 585 1778 sponte
607 1708 739 1763 sustinuit
766 1714 897 1778 mortem,
919 1725 981 1784 *non
1004 1727 1056 1780 per
1074 1707 1139 1766 obe·

227 1792 362 1848 dientiem
388 1791 534 1849 deserendi
557 1791 643 1846 vitem
667 1793 717 1848 sed
742 1798 857 1864 propter
875 1793 1062 1850 obedientiam
1082 1813 1138 1850 ser·

227 1875 313 1932 vendi
340 1875 488 1947 iustitiam,
517 1877 544 1930 in
576 1895 632 1948 qua
658 1882 716 1932 tum
743 1877 852 1934 fortiter
878 1879 1078 1952 perseveravit,
1106 1884 1139 1935 ut

177 1960 207 2010 11
227 1954 294 2016 inde
314 1968 428 2018 mortem
450 1962 610 2018 incurreret.
645 1957 751 2019 Potest
770 1961 855 2020 etium
877 1963 948 2034 dici,
975 1964 1042 2035 quie
1059 1981 1137 2034 prse-

226 2046 304 2118 ee'pit
322 2047 363 2102 illi
381 2048 451 2102 mori
467 2045 552 2104 Peter
576 2064 640 2105 eum
666 2049 721 2104 boe
744 2048 901 2121 praecepit,
929 2049 1004 2104 unde
1022 2047 1139 2105 incurrit

225 2137 349 2187 mortem
385 2132 431 2188 Its
448 2151 515 2207 ergo
533 2135 605 2189 sicut
621 2133 786 2189 mandatum
806 2136 885 2188 dedit
906 2134 948 2189 illi
966 2135 1070 2203 Pater,
1094 2135 1137 2190 stc

224 2216 307 2287 feeit,
335 2223 364 2272 et
389 2219 518 2291 calicem,
543 2237 623 2291 quem
647 2221 727 2274 dedit
745 2219 784 2290 ei,
812 2219 898 2291 bibit3
927 2226 955 2274 et
975 2221 1071 2284 factus
1094 2226 1138 2276 est

226 2302 359 2356 obediens
376 2302 455 2358 Petri
478 2323 567 2378 usque
594 2307 631 2362 ad
649 2309 779 2377 mortem3
806 2305 891 2362 etsie
911 2305 1014 2358 didicit
1032 2322 1065 2359 cc
1084 2305 1136 2376 bis,

226 2404 299 2457 quac
322 2405 425 2457 passere
451 2399 503 2455 est,
533 2393 735 2459 obedientiam,
764 2391 783 2445 i.
804 2408 836 2460 e,
863 2407 1008 2462 quousque
1034 2390 1137 2446 debeat

177 2469 210 2521 ¹2
227 2473 331 2529 servari
358 2474 522 2532 obedientia.
540 2473 541 2476 ’
561 2477 688 2534 Verbum
715 2482 809 2531 eutem
835 2475 910 2546 quod
937 2475 1060 2547 positum
1086 2483 1136 2547 est,

229 2561 348 2628 didicit,
393 2560 501 2637 duobus
536 2561 634 2616 modis'
661 2560 781 2632 intelligi
814 2566 914 2633 potest.
968 2559 1028 2616 Aut
1062 2560 1136 2617 enim

227 2645 332 2700 didicit
358 2637 475 2700 dictum'
490 2653 534 2701 est
558 2663 623 2718 pro:
651 2645 720 2701 ulios
748 2643 815 2700 fecit
843 2645 963 2716 discere,
992 2652 1042 2702 eut
1060 2645 1136 2717 quis,

226 2731 301 2800 quod
321 2748 372 2800 per
390 2730 534 2788 scientiam
557 2749 613 2786 non
635 2729 796 2804 ignorabat,
819 2731 1007 2802 experimento
1025 2733 1135 2788 didicit.

176 2812 208 2864 13
226 2814 310 2881 Quod
337 2821 431 2873 autem
461 2817 619 2889 spostolus,
652 2831 716 2872 cum
747 2815 878 2871 dixisset:
909 2817 1068 2872 humiliavit
1095 2833 1135 2872 sc·

225 2889 379 2970 metipsum,
406 2903 504 2968 faetere
531 2905 662 2958 obediens
687 2916 774 2973 usqum
799 2904 842 2956 ad
866 2909 992 2970 mortem,
1019 2910 1134 2957 mortem

226 2994 319 3040 cutem
348 2986 454 3054 meib,
480 2985 619 3042 subdidit:
644 2996 764 3058 propter
790 2989 868 3058 qnod
892 2995 919 3042 ct
947 2989 1027 3042 Deus
1052 2986 1134 3042 ilium

223 3071 373 3140 cubavit,
399 3077 427 3128 et
449 3071 566 3125 donavit
585 3072 634 3126 iiii
656 3090 771 3136 nomen,
795 3074 873 3143 quod
895 3080 936 3127 cst
951 3089 1038 3142 cespes·
1055 3089 1134 3126 omne

220 3160 363 3226 nomcn‚¹)
392 3156 438 3212 cui
460 3154 549 3212 simile
573 3164 615 3212 est
638 3158 713 3228 quod
729 3157 824 3215 David
840 3156 930 3214 dixit:
958 3160 1134 3228 ‹ic-torrescit

296 3311 323 3380 1)
339 3309 462 3384 Philipp.
481 3317 508 3383 2,
522 3317 548 3370 9.
658 3295 661 3300 ⁴
