2636 3806
304 338 307 348 ·
376 306 454 365 OUB
472 304 574 366 DEUS
592 305 718 366 HOMO..
749 307 859 367 [2¹3.
1054 307 1076 376 5

166 477 221 544 tur,
239 475 322 532 liceat
336 474 405 530 mihi
423 477 501 532 illam
517 477 682 547 obtendere,
705 481 843 550 quatenns
861 473 999 546 quomodo
1018 489 1075 529 non

165 561 283 618 obsistat
300 561 417 632 aperias.
451 564 521 621 Aras.
538 562 593 618 Die
611 563 687 635 quod
704 561 758 637 tibi
774 560 891 617 videtur.

245 699 286 785 3,
337 735 406 788 aa.
433 733 674 791 obseruatione
694 732 850 789 resumes
867 724 1106 803 superruens

164 821 290 871 normam
312 816 453 889 infideles,
477 821 545 892 quia
565 820 627 876 Deo
648 819 767 875 facimus
785 817 915 872 iniuriam
932 820 962 871 et
977 820 1074 869 eontu-

166 902 290 972 meliam,
317 919 380 959 oum
404 921 468 960 eum
495 907 642 962 asserimus
666 905 695 959 in
719 909 828 960 uterum
847 901 973 973 Virginis
982 901 1002 968 ¹)
1027 898 1073 954 de·

166 987 323 1058 scendisso,
345 995 443 1044 natum
460 1008 521 1047 esse
538 992 573 1048 de
592 991 709 1060 femina,
732 990 805 1044 laete
822 994 851 1043 et
866 985 1004 1042 alimentis
1023 983 1073 1038 hu·

56 1111 58 1118 .
165 1074 256 1128 manis
274 1073 411 1129 nutritum
429 1075 561 1145 crevisse,
585 1082 614 1132 et
632 1083 664 1133 ut
682 1075 770 1130 multa
786 1073 843 1129 alia
858 1079 981 1140 meeum,
1000 1083 1074 1142 quae

165 1157 228 1214 Deo
248 1177 306 1215 nou
328 1159 457 1215 videntur
482 1163 642 1232 convenire,
668 1160 861 1216 lassitudinem
877 1157 978 1213 famem
999 1155 1074 1210 sitim

165 1244 283 1301 verbera
308 1250 337 1300 et
365 1245 438 1300 inter
467 1246 588 1302 latrones
617 1263 727 1302 erucem
752 1252 924 1315 mortemque
950 1240 1074 1296 subiisse

166 1329 237 1384 Aras.
271 1329 329 1387 Nos
355 1348 411 1386 non
434 1330 552 1386 facimus
570 1331 631 1388 Deo
655 1331 785 1387 iniuriam
806 1331 893 1386 ullam
912 1334 961 1383 aut
977 1330 1108 1411 contu-2

166 1414 285 1485 melium,
303 1417 352 1472 sed
369 1423 428 1472 toto
441 1417 524 1472 eorde
537 1418 644 1488 gratias
655 1423 770 1489 agentes
787 1416 935 1471 laudamus
954 1420 983 1469 et
995 1429 1075 1484 prae·

166 1499 292 1556 mamus
304 1500 473 1558 ineffabilem
485 1495 662 1574 altitudinem
675 1499 881 1558 miserirordiae
899 1499 990 1568 illius3
1009 1496 1076 1569 quia

166 1591 271 1656 quanto
295 1604 347 1642 nos
372 1588 526 1644 mirabilius
553 1596 582 1645 et
610 1595 722 1660 praeter
746 1587 904 1658 opinionem
929 1585 965 1641 de
989 1583 1076 1639 tantis

166 1675 269 1726 ettam
288 1671 388 1727 debitis
406 1674 487 1728 malis
505 1674 655 1746 inquibus
673 1691 791 1743 eramus,
817 1673 854 1728 ad
871 1676 951 1726 tauta
968 1675 998 1726 et
1016 1676 1076 1725 tam

165 1753 291 1811 indebita
311 1757 386 1813 bona
405 1775 477 1829 quae
494 1761 715 1832 perdideramus,
741 1757 875 1828 restituit,
892 1762 972 1812 tauto
990 1756 1075 1811 maio·

166 1855 225 1894 rem
260 1841 435 1899 dilectionem
462 1863 530 1918 erga
556 1863 606 1902 nos
630 1851 659 1902 et
680 1847 814 1917 pietatem
837 1842 1008 1899 monstravit.
1045 1841 1108 1898 sia

84 1964 91 1974 .
167 1923 242 1978 euim
270 1921 419 1998 diligenter
443 1932 662 2002 considerarent,
691 1947 775 2002 quam
802 1929 998 1985 convenienter
1021 1927 1075 1982 hoo

168 2008 252 2063 modo
269 2020 418 2081 procurata
437 2015 474 2070 sit
496 2017 618 2071 humana
638 2016 819 2084 restauratio,
843 2031 899 2069 non
917 2011 1075 2066 deriderent

166 2100 289 2149 noemam
315 2098 533 2172 simplieitatem,
558 2103 608 2157 sed
626 2102 682 2156 Dei
702 2100 848 2156 nobiseum
866 2097 1012 2151 laudarent
1031 2109 1074 2149 sa-

165 2179 289 2250 pientem
305 2181 512 2253 benignitatem.
548 2184 703 2255 Oportebat
724 2201 845 2257 namque
861 2189 906 2253 ut,
933 2181 1007 2235 sieut
1023 2197 1075 2252 per
1093 2191 1110 2241 4

166 2264 285 2320 hominis
313 2266 529 2324 inobedientiam
552 2287 626 2324 mors
649 2271 680 2325 in
703 2270 854 2325 humanum
878 2285 966 2340 genus
989 2266 1075 2320 iutra·

166 2358 252 2421 verat,
271 2353 311 2407 ita
329 2369 379 2424 per
395 2353 513 2408 bominis
532 2355 716 2410 obedientiam
733 2355 792 2409 vita
807 2354 1006 2412 restitueretur.
1038 2352 1076 2406 Et
1094 2366 1109 2416 5

167 2439 401 2510 quemadmodum
412 2445 569 2510 peceatum,
588 2441 663 2512 quod
673 2440 729 2495 tuit
740 2455 825 2495 eausa
836 2445 949 2495 nostrae
961 2439 1075 2492 damna·

165 2523 259 2595 tionis,
275 2525 386 2579 initium
403 2523 503 2581 habuit
519 2543 537 2582 a
553 2526 664 2596 femina,
684 2527 724 2582 sio
743 2544 826 2583 verae
843 2525 966 2580 iustitiae
981 2528 1011 2578 et
1030 2539 1074 2576 sa·

167 2610 233 2665 lutis
256 2616 368 2667 nostrae
386 2614 512 2679 auotor²)
535 2620 694 2669 nasceretur
719 2613 754 2669 de
776 2612 896 2681 femina3
921 2617 950 2666 et
967 2613 1000 2662 ut
1017 2607 1076 2662 dia·

166 2695 263 2766 bolus,
287 2697 336 2768 qui
361 2713 413 2767 per
434 2701 549 2768 gustum
568 2697 639 2769 ligni
658 2715 740 2769 quem
758 2697 910 2767 persuasit,
937 2694 1076 2750 bominem
1107 2687 1110 2694 ⁴

167 2780 282 2850 vicerat,
299 2782 339 2836 ita
356 2799 407 2854 per
423 2782 582 2852 passionem
599 2783 670 2854 ligni
688 2799 772 2854 quam
789 2781 891 2851 intulit,
910 2781 946 2836 ab
963 2778 1075 2836 homine

167 2863 331 2920 vinceretur.
366 2865 438 2922 Sunt
455 2884 566 2938 quoque
585 2868 640 2922 alia
659 2868 755 2936 multa,
776 2883 848 2939 quae
868 2865 992 2922 studiose
1010 2881 1074 2920 oon·
1093 2871 1109 2922 6

169 2946 290 3002 siderata
314 2948 484 3007 ineffabilem
513 2952 669 3024 quandam·
683 2959 794 3009 nostrae
819 2951 995 3009 redemtionis
1021 2948 1075 3003 hoe

168 3032 252 3088 modo
269 3039 434 3105 procuratae
450 3037 685 3108 pulchritudinem
703 3038 861 3093 ostendunt

239 3224 249 3274 1
282 3221 357 3278 Dedi
377 3225 503 3294 Vespasia
521 3242 545 3280 o.
563 3223 631 3280 eod.
650 3224 675 3278 B
691 3240 744 3296 pro
760 3223 887 3296 molieris
901 3220 979 3293 vulg.
1065 3277 1066 3280 ,

164 3296 274 3416 'wip
285 3292 334 3416 {io
355 3302 469 3350 nomae
490 3295 615 3349 iustitiae
636 3301 662 3348 et
679 3293 781 3347 solutis
797 3297 897 3346 auctor
915 3289 944 3346 A
955 3287 1004 3345 ab
1017 3305 1033 3344 e
1050 3287 1076 3342 B
