2636 3806
209 291 252 358 60
384 289 413 345 S.
432 287 603 346 erasnm
623 285 931 344 CANTUARIENSIS

204 457 364 526 veritatem,
391 464 419 514 et
443 457 506 528 die,
536 457 603 529 quia
618 458 702 513 valde
719 457 861 526 convenit,
886 463 920 512 ut
936 455 1114 528 quemadmo-

205 545 274 600 dum
303 543 422 597 hominis
452 549 599 613 peceatum
624 550 653 598 et
680 560 766 598 eausa
792 551 904 598 nostrae
929 542 1115 598 damnationis

163 665 167 676 .
204 628 315 684 initium
341 629 440 683 sumsit
460 643 479 681 a
502 627 619 696 famina,
645 628 686 682 ita
701 627 841 684 medicina
857 628 967 699 peceati
983 635 1013 684 et
1028 643 1115 682 eausa

204 720 315 768 nostrae
332 712 493 768 salvationis
513 719 645 767 nascatur
669 714 705 770 de
726 714 845 784 femina3
870 731 904 769 ae
926 732 962 770 ne
984 715 1114 770 mulieres

205 799 353 871 desperent
378 816 409 853 se
441 798 580 868 pertinere
605 799 643 854 ad
666 804 768 854 sortem
794 798 953 868 beatorum,
982 800 1114 872 quoniam

205 885 241 940 de
257 885 362 940 femina
386 890 496 940 tantum
519 884 623 938 malum
647 883 796 954 prooessit,
818 891 941 955 oportet,
964 891 998 940 ιιι
1017 886 1055 940 ad
1072 902 1114 940 re-

203 970 380 1026 formandam
402 985 481 1040 spem
506 985 601 1024 earum
619 969 654 1025 de
671 969 787 1026 muliere
803 976 913 1026 tantum
929 971 1034 1026 bonum
1051 988 1114 1042 pro

154 1060 187 1112 19
205 1057 296 1112 cedat.
331 1055 424 1128 Pinge
449 1059 478 1110 et
503 1054 565 1109 hoe.
608 1054 639 1112 Si
663 1054 743 1126 virgo
768 1063 829 1110 erat
853 1073 925 1128 quae
948 1072 1034 1112 eausa
1060 1055 1115 1110 fuit

204 1142 325 1196 humano
342 1139 439 1213 generi
457 1140 542 1195 totius
561 1140 641 1209 muli,
661 1141 749 1195 multe
766 1141 855 1213 magis
874 1142 968 1212 decet,
986 1149 1019 1197 ut
1034 1141 1114 1212 virgo

204 1228 243 1281 sit
273 1243 346 1297 quae
377 1242 464 1280 musa
488 1226 541 1282 erit
565 1225 652 1281 totius
679 1226 753 1282 boni
788 1226 851 1282 Hoe
880 1245 991 1298 quoque
1019 1227 1114 1298 pinge

204 1311 236 1368 si
258 1311 371 1380 mulier,
401 1326 484 1382 quam
506 1309 575 1366 feeit
590 1311 669 1366 Deus
687 1311 723 1368 de
741 1311 802 1365 viro
818 1311 878 1366 sine
896 1312 1015 1383 femina,
1037 1312 1114 1367 faeta

204 1404 249 1452 est
267 1398 302 1452 de
325 1397 447 1468 virgine,
470 1395 602 1451 convenit
625 1396 723 1465 valde,
746 1401 778 1450 ut
793 1396 837 1450 vir
853 1413 975 1469 quoque,
999 1397 1049 1470 qui
1064 1397 1115 1451 fiet

153 1481 187 1532 20
205 1483 240 1538 de
261 1483 380 1552 femina,
404 1482 464 1538 siue
488 1481 550 1536 viro
576 1480 627 1537 fiat
650 1482 686 1536 de
702 1481 826 1552 Virgine.
860 1483 917 1538 Sed
940 1483 976 1538 de
996 1479 1114 1553 picturis

204 1585 277 1639 quae
295 1574 414 1640 possunt
431 1566 511 1637 pingi
529 1583 613 1636 super
628 1566 689 1635 hoe,
713 1567 781 1638 quia
797 1566 876 1622 Deus
895 1567 978 1623 homo
997 1568 1033 1623 ds
1049 1567 1113 1622 Vir·

203 1652 269 1724 gine
298 1652 414 1707 muliere
444 1651 523 1706 nasei
550 1651 650 1720 debet,
680 1653 736 1708 ista
759 1670 834 1707 nune
861 1653 1006 1708 sufficiant
1041 1654 1113 1708 Boe.

203 1736 295 1792 Valde
313 1735 448 1806 pulchrae
465 1743 494 1791 et
510 1735 690 1792 rationabiles
706 1742 772 1792 sunt
788 1737 860 1794 istae
875 1738 1009 1809 picturae

102 1943 104 1948 v
172 1923 184 1973 ι
279 1888 322 1977 9.
367 1913 443 1978 Ἀιιι.
461 1923 544 1980 Nune
555 1941 666 1996 quoque
675 1926 863 1996 quaerendum
876 1932 925 1997 est,
938 1927 969 1981 in
983 1943 1040 1998 qua
1050 1943 1112 1996 per·

205 2024 274 2063 sona
296 2008 388 2079 Deus,
416 2009 466 2082 qui
491 2016 534 2066 est
561 2016 618 2066 tres
644 2027 792 2081 personae,
819 2010 958 2066 hominem
984 2016 1114 2065 assumat

202 2093 302 2150 Plures
330 2095 403 2150 enim
427 2111 564 2165 personae
588 2103 730 2166 nequeunt
757 2115 845 2152 unum
871 2097 1046 2166 eundemque
1065 2095 1113 2150 ho-

203 2181 306 2236 minem
327 2197 467 2236 assumere
489 2181 519 2237 in
542 2181 682 2236 unitatem
706 2198 849 2252 personae.
883 2182 977 2248 Quare
1001 2181 1031 2237 in
1055 2197 1114 2237 una

169 2268 322 2336 lpersona
347 2273 459 2322 tantum
479 2266 532 2323 hoo
554 2266 615 2322 fieri
638 2284 751 2322 neeesse
769 2274 820 2323 est.
855 2267 911 2324 Sed
929 2267 964 2323 de
981 2268 1034 2324 hue
1052 2267 1114 2322 uni·

202 2357 262 2406 tate
288 2367 423 2423 personae
447 2351 502 2408 Dei
527 2357 556 2408 et
580 2353 700 2408 hominis
727 2360 756 2408 et
781 2353 811 2409 in
837 2369 893 2426 qua
916 2369 1037 2424 persona
1057 2351 1113 2406 Dei

203 2437 257 2492 hoo
286 2437 376 2510 magis
407 2436 468 2492 fieri
490 2443 634 2509 oporteat,
669 2438 700 2492 in
723 2439 840 2510 epistola
862 2439 898 2494 de
922 2438 1113 2494 incarnatione

203 2522 292 2579 Verbi
318 2523 355 2577 ad
380 2521 531 2578 Dominum
556 2523 664 2593 Papam
686 2523 833 2581 Urbanum
850 2523 1002 2594 dirsotw)
1026 2539 1112 2597 quan-

203 2615 264 2664 tum
281 2608 319 2664 ad
335 2613 510 2680 praesentem
527 2607 770 2680 investigationem
788 2607 916 2665 sufficere
933 2615 1017 2681 puto,
1036 2609 1112 2664 loeu-

170 2695 250 2748 3tus
270 2711 339 2749 sum.
374 2695 443 2748 Bos.
482 2692 609 2749 Breviter
632 2700 726 2749 tamen
747 2694 793 2749 hie
816 2700 919 2766 tange,
946 2712 997 2750 our
1020 2693 1113 2765 potins

204 2794 324 2850 persona
342 2779 409 2834 Filii
436 2779 538 2835 debeat
560 2778 699 2835 incarnari
715 2796 799 2852 quam
818 2780 910 2836 Patris
927 2784 977 2834 aut
992 2777 1113 2849 Spiritum

275 3006 301 3072 1)
325 3002 486 3073 Inohoatam
508 3001 581 3058 hane
598 3018 625 3057 a.
645 3005 711 3057 ¹092
731 2999 887 3072 Epistolam
908 3017 942 3054 ao
957 3017 1008 3072 per
1024 3004 1113 3054 aesta·

203 3078 271 3154 tem·
284 3071 425 3154 sequentis
449 3071 515 3126 anni
534 3071 697 3153 ,absolutam
719 3069 747 3125 S.
763 3069 892 3151 dnselmi
910 3068 1033 3150 Operum
1055 3067 1113 3122 edi·

202 3140 711 3292 tllrlttltitfflltlttffi
727 3143 1114 3290 attentatae&

204 3287 370 3402 οαὲἷιαιιοιιε
394 3280 479 3334 Verbi
504 3284 603 3332 nemra
626 3277 815 3346 blasphemam
832 3277 963 3332 Rusellae
980 3291 1037 3330 eave
1055 3275 1114 3329 Ro·

202 3365 233 3401 ao
261 3365 309 3402 aaa.
741 3389 743 3394 .
