2636 3806
374 287 451 346 cun
469 288 570 356 neus
588 246 706 346 nono.
741 289 779 348 11.
800 295 911 348 ιι-ιι.
1060 293 1102 362 91

203 465 261 516 mat
278 475 334 514 non
350 457 474 528 habenti,
497 458 576 514 Deus
594 458 678 517 Pater
698 458 780 516 dicit:
806 459 902 533 accipe
920 462 1103 535 Unigenitum

204 561 295 600 meum
313 548 341 600 et
359 545 396 598 da
411 560 463 614 pro
482 548 525 614 te;
551 543 656 615 etipse
675 543 777 600 Filius:
803 545 870 601 tolle
889 564 933 604 me
951 553 979 603 et
998 549 1103 604 redime

203 628 252 685 te?
293 627 378 694 Quasi
403 628 477 684 enim
502 628 554 684 hoc
580 628 689 696 dicunt,
715 630 826 702 qnando
847 647 898 686 nos
922 632 959 687 ad
981 631 1139 697 christia-3

203 731 269 790 nam
284 713 369 770 fidem
386 720 487 769 vocant
504 713 670 771 attrahunt
707 714 781 781 Quid
798 715 881 772 etiam
896 717 1004 787 iustius,
1022 735 1106 789 quam

206 806 237 855 ut
254 799 302 856 ille
323 798 368 854 cui
391 798 473 854 datur
494 799 614 871 pretium
633 799 723 856 maius
739 801 815 857 omni
834 800 943 870 debito,
968 801 992 857 si
1011 802 1105 862 debito

205 885 286 942 datur
301 884 412 954 affectu,
432 883 552 940 dimittat
569 881 649 942 omne
665 883 809 941 debitum?

280 1023 348 1109 21·
398 1055 512 1112 Diaboli
531 1073 596 1112 vero
611 1055 862 1113 reconciliationem
879 1057 914 1114 dc
931 1073 988 1128 qna
998 1057 1105 1129 qnaesi-
1124 1066 1137 1118 l

204 1142 277 1213 visti,
295 1141 493 1213 impossibilem
510 1141 658 1216 intelliges,
676 1140 700 1196 si
717 1141 865 1214 diligenter
875 1143 1024 1200 humanam
1041 1160 1105 1198 eon·

204 1228 314 1285 sideros.
350 1227 428 1284 Sicut
453 1228 526 1284 enim
549 1227 632 1283 homo
659 1245 716 1282 non
740 1227 831 1298 potuit
857 1228 1030 1285 reconciliari
1051 1227 1139 1290 nisit

202 1331 253 1386 per
277 1313 415 1368 hominem
437 1311 542 1382 Deum,
566 1312 615 1384 qui
637 1313 708 1368 mori
729 1317 838 1384 posset,
860 1331 912 1386 per
932 1315 1011 1370 cuius
1028 1315 1106 1371 insti·

203 1399 271 1455 tiam
288 1399 350 1454 Deo
369 1398 559 1453 restitueretur
584 1398 658 1469 quod
675 1416 726 1470 per
745 1404 892 1470 peccatum
910 1400 1027 1455 hominis
1043 1417 1106 1472 per-

204 1485 329 1555 diderat3
346 1482 387 1539 ita
404 1484 497 1556 angeli
516 1483 638 1541 damnati
655 1502 711 1540 non
727 1491 845 1556 possunt
863 1484 965 1540 salvari
982 1485 1036 1540 nisi
1055 1503 1107 1557 per

203 1571 333 1641 angelum
348 1571 452 1641 Deum,
480 1569 528 1640 qui
556 1568 625 1624 mori
650 1569 738 1640 possit
765 1576 794 1626 et
819 1569 868 1642 qui
895 1587 945 1642 per
972 1569 1106 1625 iustitiam

156 1723 159 1727 ,
203 1673 281 1714 suam
301 1656 363 1714 Dec
389 1661 511 1728 reparet,
537 1655 613 1726 quod
641 1655 759 1711 aliorum
781 1660 900 1728 peccate
922 1655 1106 1713 abstulerumt

203 1739 240 1800 nt
262 1744 334 1799 sicut
354 1737 436 1797 homo
460 1759 510 1812 per
532 1741 617 1797 alium
639 1739 777 1796 hominem
802 1739 851 1812 qui
867 1757 924 1796 non
943 1747 1016 1798 esset
1035 1742 1105 1799 eius·
1123 1758 1139 1810 3

204 1829 267 1884 dem
288 1827 411 1901 generis,
437 1826 562 1898 quamvis
584 1826 708 1882 eiusdem
733 1831 806 1882 esset
828 1833 958 1899 naturae,
985 1829 1105 1886 nonde·

204 1914 265 1970 buit
281 1914 409 1983 relevari,
428 1911 468 1968 ita
484 1913 578 1968 nullus
598 1912 713 1983 angelus
731 1928 782 1983 per
800 1911 886 1967 alium
902 1914 1033 1986 angelum
1050 1915 1105 1970 sal·

203 2001 263 2055 vari
281 2000 373 2069 debet,
398 1998 523 2069 quamvis
541 2013 635 2053 omnes
653 1996 710 2052 sint
727 1997 809 2052 unius
826 2003 956 2067 natiuae,
973 1999 1105 2070 qnoniam
1169 2045 1180 2068 ,

203 2102 260 2142 non
285 2090 351 2140 sunt
376 2083 499 2140 eiusdem
524 2083 633 2154 generis
657 2082 729 2138 sicut
752 2083 885 2138 homines.
895 2081 916 2154 ¹)
950 2083 1014 2140 Non
1032 2083 1140 2145 enim4

203 2168 244 2225 sic
260 2176 325 2224 sunt
348 2187 441 2226 omnes
468 2168 562 2241 angeli
588 2167 623 2244 de
648 2186 705 2234 uno
733 2168 845 2241 angelo,
872 2167 1105 2240 quemadmodum

204 2271 298 2311 omnes
322 2255 445 2311 homines
469 2253 505 2311 de
524 2270 580 2309 uno
606 2253 724 2311 homine.
764 2253 827 2310 Hoc
854 2271 963 2327 qnoque
983 2261 1138 2316 removete

205 2357 298 2397 eornm
318 2339 561 2409 restaurationem,
584 2339 651 2411 quia
670 2338 743 2394 sicut
766 2340 925 2396 ceciderunt
948 2341 1025 2396 nullo
1049 2341 1105 2397 alio

204 2430 322 2480 nocente
340 2431 372 2480 nt
391 2425 535 2494 caderent,
558 2423 598 2480 ita
619 2423 697 2480 nullo
720 2423 776 2479 alio
794 2421 943 2482 adiuvante
959 2443 1105 2499 resurgere

205 2509 323 2580 debent3
341 2510 416 2581 quod
432 2517 475 2566 est
491 2509 546 2564 illis
563 2508 739 2582 impossibile.
766 2509 857 2566 Aliter
873 2513 946 2567 enim
964 2512 995 2568 in
1015 2511 1104 2584 digni-
1123 2521 1139 2572 6

203 2600 290 2651 tatem
308 2613 392 2666 quam
412 2594 535 2650 habituri
558 2600 652 2666 erant,
674 2611 731 2650 non
752 2602 869 2666 possunt
891 2597 1014 2667 restitui3
1039 2616 1105 2669 qno-

203 2679 279 2734 niam
296 2679 354 2735 sine
371 2680 462 2736 alieno
479 2679 581 2736 auxilio
604 2698 655 2752 per
680 2686 844 2752 potestatem
861 2700 940 2737 suam
958 2699 1043 2754 quam
1060 2700 1106 2738 ac-

203 2771 341 2835 ceperant,
359 2766 500 2822 stetissent
518 2766 547 2820 in
563 2765 694 2836 veritate,
712 2765 809 2821 sinon
826 2774 997 2838 peccassent
1033 2767 1106 2834 Qua—
1123 2775 1138 2826 7

202 2855 318 2922 propter
343 2850 368 2905 si
393 2851 455 2922 quis
482 2851 612 2922 opinatur
631 2850 782 2908 salvatoris
804 2852 892 2907 nostri
909 2853 1106 2910 redemtionem
1181 2850 1187 2858 '

204 2952 292 3018 nsque
310 2935 348 2992 ad
364 2937 426 2991 illos
444 2934 594 3008 aliquando
622 2935 723 2992 debere
750 2936 875 3008 extendi,
905 2939 1108 2995 rationabiliter

274 3141 301 3212 1)
318 3141 388 3212 „Est
407 3141 598 3214 unnsquisque
609 3139 691 3210 filiae
709 3142 794 3194 Adae
815 3147 844 3196 et
861 3141 942 3197 homo
960 3159 1011 3213 per
1029 3159 1107 3198 erea-

202 3210 319 3280 senem,
343 3215 371 3265 et
397 3211 495 3265 Adam
518 3227 568 3281 per
613 3210 841 3280 ropapationem,
865 3214 893 3264 et
936 3227 1037 3267 aeona
1055 3228 1107 3283 per

202 3279 474 3349 individualitatem,
504 3296 561 3350 qna
587 3228 751 3334 discernitur
775 3277 813 3334 ab
839 3228 934 3334 ,155ss
969 3283 1017 3336 De
1043 3299 1107 3335 coa·

203 3355 284 3419 cepta
301 3347 478 3416 criminatio.
499 3354 539 3404 1⁰.
