2636 3806
380 283 714 344 ennuntiatione
751 285 893 345 1.1t.1e‚
1047 287 1089 356 27

179 454 319 512 versitatis
341 462 498 527 spontanea
524 455 678 511 satisfactio
703 455 750 512 vel
780 473 799 510 s
822 474 878 512 non
904 455 1093 516 satiriaoients

183 557 290 612 poenas
311 541 416 596 exactio
434 544 561 612 (excepto
578 542 639 602 heo.
657 541 731 612 quod
751 542 829 598 Deus
847 543 882 597 de
900 541 980 604 malis
999 542 1092 600 multi·

183 625 272 681 modis
295 625 370 681 bona
395 626 474 682 fecit·
503 627 532 684 iu
556 628 653 682 eadem
677 626 857 684 universitate
878 628 972 682 locum
996 633 1092 686 teuent

185 728 266 766 suum
285 719 314 766 et
331 711 435 766 ordinis
452 713 696 783 pulchritudinem
733 713 809 778 Quas
826 713 850 767 si
868 713 963 768 divina
981 712 1091 784 sapien·
1111 719 1143 773 to

182 789 236 866 tia,
265 795 313 851 ubi
334 797 501 866 perversitas
525 803 633 852 rectum
657 799 781 854 ordinem
804 798 967 870 perturbare
984 799 1091 866 nititur,

184 899 239 936 non
260 882 389 950 adderet,
414 880 493 937 fieret
515 882 545 936 in
566 881 629 952 ipsa
651 883 829 938 universitate
846 900 931 954 quem
947 885 1025 940 Deus
1044 885 1091 940 da·

181 967 230 1024 bet
254 967 396 1034 ordinare,
419 967 557 1039 quaedam
578 985 611 1022 ex
636 968 740 1023 violata
761 968 865 1024 ordinis
885 967 1092 1038 pulchritudine

185 1053 360 1121 deformitas,
385 1059 412 1106 et
428 1051 507 1108 Deus
532 1053 562 1106 in
589 1069 640 1107 sua
664 1054 846 1124 dispositione
863 1053 1005 1109 videretur
1024 1053 1091 1110 dati·

119 1171 122 1178 ·
182 1155 253 1194 oere.
289 1137 368 1202 Quae
387 1138 443 1192 duo
462 1137 595 1208 quoniam
612 1139 684 1194 sieut
702 1147 767 1194 sunt
787 1137 1023 1209 inconvenientis,
1043 1138 1092 1197 ita
1109 1139 1139 1191 tt

183 1230 247 1280 sunt
266 1223 463 1293 impossibilia,
487 1240 601 1279 necesse
618 1231 673 1294 est,
697 1231 730 1280 ut
747 1241 829 1280 omne
845 1231 990 1294 peceatum
1011 1222 1091 1278 satis-

180 1310 266 1365 faotIo
290 1316 340 1363 aut
362 1325 453 1378 poena
476 1319 615 1381 sequatur.
653 1311 723 1364 Bos.
760 1308 925 1364 satisfecisti
942 1308 1091 1366 obiectioni

182 1411 267 1450 meae
303 1394 374 1448 Ans.
397 1393 495 1447 Palam
516 1399 558 1448 est
578 1409 659 1464 ergo,
687 1391 755 1463 qnia
772 1391 879 1461 Deum,
906 1402 1042 1464 qnantum
1060 1394 1091 1450 in
1111 1397 1143 1448 12

183 1479 244 1550 ipso
270 1486 325 1549 est,
354 1478 447 1533 nullus
473 1484 565 1548 potest
590 1478 724 1532 honorare
751 1477 796 1530 vel
821 1475 1003 1547 exhonorare3
1034 1479 1092 1548 sod

82 1604 85 1610 .
184 1565 366 1636 quantumin
384 1581 414 1618 se
432 1571 487 1632 est,
513 1564 566 1620 hoo
584 1563 685 1634 aliquis
703 1561 797 1617 facere
816 1561 941 1631 videtur,
963 1580 1026 1618 oum
1044 1579 1091 1620 ve-
1198 1619 1257 1640 ,Ι

183 1649 318 1707 luntatem
344 1667 423 1704 suam
441 1649 587 1731 ¹voluntati
615 1648 674 1704 eius
706 1646 831 1715 subiicit,
863 1653 913 1702 aut
943 1647 1091 1704 subtrahit.

183 1739 252 1790 Bor.
287 1735 403 1804 Nescio,
429 1734 497 1805 quid
515 1740 612 1788 contra
631 1750 730 1806 queam
749 1734 849 1788 dicere.
884 1733 953 1787 Ans.
989 1732 1092 1788 Adhuc
1111 1739 1142 1790 13

183 1820 285 1874 addam
294 1820 409 1891 aliquid.
428 1823 498 1874 Bos.
513 1819 633 1874 'l'amdiu
643 1821 696 1889 dio,
709 1819 798 1874 donec
807 1833 852 1873 me
863 1818 976 1874 taedeat
986 1818 1090 1874 audire.

265 1955 334 2042 lii.
384 1989 454 2045 Ans.
488 1990 580 2046 Deum
598 1995 708 2045 constat
725 1987 909 2062 proposuisse,
937 1993 969 2042 nt
989 1985 1023 2042 do
1041 1987 1122 2042 hu-l

184 2091 267 2129 mana
286 2082 386 2130 notura
404 2093 488 2146 qnam
506 2076 573 2132 feeit
589 2076 649 2130 sine
669 2083 793 2145 peceato,
813 2089 958 2129 numerum
977 2072 1090 2144 angelo·

182 2177 246 2214 rum
271 2159 319 2231 qui
344 2160 502 2216 ceciderant
525 2161 689 2215 restituerat
700 2162 718 2228 ¹)
756 2161 824 2214 Bos.
858 2157 920 2211 Hoo
943 2157 1091 2229 oredimus,

183 2244 233 2302 sed
262 2242 363 2298 vellem
391 2244 513 2314 aliquam
540 2245 623 2299 huius
650 2245 692 2299 rei
718 2245 851 2298 rationem
874 2242 987 2298 habere.
1020 2244 1125 2300 Anat

183 2329 270 2384 Follis
289 2344 349 2398 me3
367 2346 422 2384 non
440 2329 514 2384 enim
533 2329 727 2399 proposuimus
745 2335 865 2384 tractare
882 2327 935 2382 nisi
948 2329 983 2384 de
1001 2327 1090 2384 incar·

183 2413 295 2470 natione
323 2413 392 2484 Dei3
422 2418 450 2466 et
480 2419 511 2467 tu
540 2412 607 2466 mihi
638 2413 708 2468 olias
738 2413 877 2469 interseris
909 2414 1091 2485 quaestiones.

183 2502 253 2556 Bos.
305 2499 348 2556 Ne
388 2497 533 2567 irasceris3
570 2497 689 2552 hilarem
726 2501 797 2552 oraim
833 2502 960 2554 dotorem
995 2500 1124 2568 dilipiti

184 2585 309 2652 Dauom
345 2603 410 2640 nam
439 2599 520 2638 nemo
553 2582 654 2653 probat
688 2582 776 2655 magis
809 2601 839 2640 se
869 2583 995 2640 hilariter
1023 2585 1091 2640 dnre

186 2670 262 2740 quod
278 2671 427 2740 promittit,
448 2686 532 2740 quam
553 2669 601 2740 qui
619 2669 683 2739 plus
703 2671 752 2724 dat
768 2685 853 2740 quam
868 2669 1018 2741 promittit3
1043 2669 1090 2724 din

185 2771 251 2824 ergo
276 2755 395 2811 libenter
421 2755 496 2825 quod
517 2771 626 2826 quaero.
663 2756 732 2809 Ans.
759 2755 933 2810 Rationalem
952 2760 1125 2823 naturam

184 2855 257 2909 quae
272 2839 328 2895 Dei
352 2839 586 2910 contemplatione
614 2839 699 2896 beata
719 2840 764 2896 vel
788 2846 831 2896 est
853 2841 898 2896 vel
920 2841 1016 2896 futura
1039 2845 1090 2911 esi,

256 3079 281 3146 1)
298 3077 355 3134 Cfr.
366 3079 395 3135 S.
406 3080 561 3148 Aspnrtios'
571 3077 751 3133 Euchiridion
765 3079 802 3134 ad
816 3077 997 3134 Laurentium
1009 3093 1034 3131 e.
1046 3079 1088 3133 29.

181 3147 226 3203 De
243 3147 362 3202 Ciuitate
382 3147 436 3203 Dei
457 3156 498 3218 ²2,
520 3154 540 3203 l.
563 3179 598 3188 -
622 3149 661 3202 lo.
687 3149 763 3204 Senti
789 3152 932 3212 tripetias
956 3145 991 3200 ds
1010 3143 1089 3200 Divi·-

180 3217 258 3295 sione
282 3216 406 3272 Naturae
429 3217 462 3272 L.
487 3225 510 3272 5.
534 3234 563 3287 p.
586 3223 638 3272 stt
661 3234 703 3287 sq.
728 3217 771 3272 ed.
795 3216 931 3270 Scklilter.
966 3213 1086 3271 nouat

181 3281 279 3422 omni
297 3290 460 3410 iiiios.
478 3358 504 3422 s,
523 3359 546 3408 ι.
