2636 3806
213 1007 623 1204 srnrnmrre
668 1090 710 1188 s
759 1037 1053 1189 rnsnnrrr.

576 1374 743 1382 ———

180 1509 280 1616 Opus
310 1530 471 1598 subditum
502 1537 634 1615 propter
665 1528 836 1615 quosdam,
877 1529 931 1614 qui
966 1536 1140 1616 antequam

178 1623 355 1710 perfeetum
384 1631 416 1690 et
447 1623 641 1707 exquisitum
668 1631 770 1709 esset,
797 1623 918 1709 primas
937 1629 1047 1708 partes
1069 1624 1139 1692 eius

178 1730 230 1777 me
252 1709 415 1776 nesciente
437 1709 499 1776 sibi
520 1710 803 1794 transscribebant‚
824 1708 1027 1774 festinantius
1044 1729 1140 1793 qnam

178 1795 256 1860 milri
279 1787 496 1880 opportunum
512 1803 608 1878 esset,
624 1816 666 1860 ae
679 1795 753 1862 ideo
767 1794 897 1860 brevius
912 1815 1008 1878 quam
1022 1794 1140 1861 vellem

182 1899 251 1944 sum
280 1886 423 1963 coaetus,
455 1885 491 1944 ut
518 1881 624 1980 potui,
658 1899 887 1947 consummare.
936 1881 1021 1945 Nam
1046 1880 1141 1965 plura

183 1983 263 2047 quae
285 1964 386 2050 tacui,
412 1966 619 2031 inserurssem
641 1972 673 2032 et
695 1965 906 2046 addidissem,
928 1964 956 2028 si
978 1964 1011 2029 in
1033 1965 1140 2048 quiete

182 2055 215 2113 et
245 2070 384 2133 congruo
417 2051 522 2134 spatio
555 2050 635 2115 illud
666 2051 745 2116 mihi
777 2049 872 2116 edere
901 2048 1053 2115 licuisset.
1100 2051 1140 2114 In

180 2153 299 2216 magna
319 2133 406 2200 enim
426 2135 532 2202 cordis
560 2135 780 2220 tribulatione,
806 2154 902 2217 qnam
923 2135 1008 2200 unde
1030 2141 1063 2200 et
1085 2155 1140 2200 eur

178 2238 296 2320 passus
327 2219 388 2285 sim
420 2222 511 2287 novit
539 2221 645 2303 Deus,
680 2219 760 2286 illud
791 2220 825 2285 in
857 2219 977 2304 Anglia
1007 2226 1140 2304 rogatus

178 2305 287 2389 rneepi
312 2313 344 2370 et
371 2305 405 2370 in
428 2305 585 2390 Capuana
613 2305 781 2390 provincia
799 2305 988 2389 peregrinus
1010 2305 1139 2389 perfeci.

179 2388 274 2467 Quod
296 2390 471 2456 seeundum
491 2390 659 2457 materiam
684 2390 724 2456 de
743 2410 810 2476 qua
831 2389 952 2455 editum
972 2396 1031 2474 est,
1055 2389 1141 2456 OUR

110 2508 113 2515 ·
178 2474 294 2540 DEUS
316 2475 439 2542 HOMO
462 2475 624 2542 nominavi
646 2483 678 2542 et
698 2476 732 2541 in
757 2476 838 2542 duos
857 2475 983 2541 libellos
998 2475 1139 2541 distinxi.

179 2557 323 2636 Quorum
349 2561 437 2644 prior
467 2561 596 2644 quidem
624 2560 801 2626 infidelium
821 2560 1038 2645 respuentium
1060 2561 1140 2626 alni·

165 2644 319 2718 sstianam
336 2644 447 2730 fidem,
470 2645 545 2729 quia
566 2645 684 2712 rationi
703 2653 819 2730 putant
838 2645 928 2711 illam
948 2664 1140 2730 repugnare,

180 2729 321 2795 eontinet
357 2731 552 2797 obieetiones
587 2738 620 2797 et
655 2731 798 2796 fidelium
830 2731 1070 2816 responsiones;
1101 2749 1141 2795 ae

179 2814 311 2879 tandem
332 2822 452 2881 remote
480 2815 606 2882 Christe
631 2853 674 2862 ——
703 2815 796 2900 quasi
824 2835 996 2900 numquam
1018 2815 1141 2899 aliquid

179 2897 275 2964 fuerit
297 2898 337 2966 de
358 2900 414 2966 illo
437 2937 477 2946 --
499 2902 615 2985 probat
636 2900 812 2967 rationibus
834 2901 1040 2984 necessariis,
1067 2919 1140 2966 esse

181 2982 379 3067 impossibile
405 2986 506 3051 ullum
539 2985 699 3052 hominem
734 2987 854 3052 salvari
884 2985 953 3052 sine
981 2985 1046 3049 illo.
1100 2984 1140 3048 In

181 3069 322 3136 seeundo
350 3076 458 3137 autem
486 3071 567 3138 libro
596 3071 758 3157 similiter,
793 3071 886 3155 quasi
914 3069 994 3135 nihil
1019 3067 1140 3134 seiatnr

179 3151 222 3218 de
249 3153 390 3240 Christo,
425 3162 619 3223 monstratur
647 3178 712 3224 non
743 3157 847 3222 minus
874 3161 989 3240 aperta
1014 3153 1140 3220 ratione

180 3244 214 3305 et
240 3239 393 3323 veritate,
425 3239 573 3308 naturam
603 3243 775 3308 humanam
804 3240 847 3307 ad
873 3241 935 3306 hoe
960 3239 1141 3306 institutam

181 3343 267 3410 esse,
296 3331 331 3389 ut
360 3326 533 3412 aliquando
557 3326 795 3394 immortalitate
820 3327 919 3392 beata
938 3330 1024 3394 totus
1044 3323 1140 3390 hemo
