<?xml version="1.0" encoding="UTF-8"?>
<!DOCTYPE html PUBLIC "-//W3C//DTD XHTML 1.0 Transitional//EN"
    "http://www.w3.org/TR/xhtml1/DTD/xhtml1-transitional.dtd">
<html xmlns="http://www.w3.org/1999/xhtml" xml:lang="en" lang="en">
 <head>
  <title>
</title>
<meta http-equiv="Content-Type" content="text/html;charset=utf-8" />
  <meta name='ocr-system' content='tesseract 3.04.00' />
  <meta name='ocr-capabilities' content='ocr_page ocr_carea ocr_par ocr_line ocrx_word'/>
</head>
<body>
  <div class='ocr_page' id='page_1' title='image "./sanselmicantuar01laemgoog_0060.png"; bbox 0 0 2636 3806; ppageno 0'>
   <div class='ocr_carea' id='block_1_1' title="bbox 327 263 1091 376">
    <p class='ocr_par' dir='ltr' id='par_1_1' title="bbox 327 263 1091 376">
     <span class='ocr_line' id='line_1_1' title="bbox 327 263 1091 376; baseline -0.001 -15"><span class='ocrx_word' id='word_1_1' title='bbox 327 263 329 269; x_wconf 11' lang='grc' dir='ltr'><em>Α</em></span> <span class='ocrx_word' id='word_1_2' title='bbox 400 302 745 362; x_wconf 55' lang='grc' dir='ltr'><strong>ιοιπωευεΗοῑνίο.</strong></span> <span class='ocrx_word' id='word_1_3' title='bbox 779 304 802 360; x_wconf 93' lang='lat'><strong>1.</strong></span> <span class='ocrx_word' id='word_1_4' title='bbox 825 307 893 370; x_wconf 63' lang='lat' dir='ltr'><strong>rs„</strong></span> <span class='ocrx_word' id='word_1_5' title='bbox 948 301 951 304; x_wconf 83' lang='lat'>·</span> <span class='ocrx_word' id='word_1_6' title='bbox 1048 305 1091 376; x_wconf 75' lang='lat'><strong>35</strong></span> 
     </span>
    </p>
   </div>
   <div class='ocr_carea' id='block_1_2' title="bbox 117 473 1146 2674">
    <p class='ocr_par' dir='ltr' id='par_1_2' title="bbox 117 473 1146 2674">
     <span class='ocr_line' id='line_1_2' title="bbox 183 473 1092 545; baseline -0.003 -13"><span class='ocrx_word' id='word_1_7' title='bbox 183 481 244 532; x_wconf 82' lang='lat' dir='ltr'><strong>tota</strong></span> <span class='ocrx_word' id='word_1_8' title='bbox 262 475 292 533; x_wconf 89' lang='lat' dir='ltr'><strong>in</strong></span> <span class='ocrx_word' id='word_1_9' title='bbox 311 475 367 530; x_wconf 86' lang='lat' dir='ltr'><strong>illis</strong></span> <span class='ocrx_word' id='word_1_10' title='bbox 386 473 461 528; x_wconf 85' lang='lat' dir='ltr'><strong>vieta</strong></span> <span class='ocrx_word' id='word_1_11' title='bbox 481 479 539 542; x_wconf 81' lang='lat' dir='ltr'><strong>est,</strong></span> <span class='ocrx_word' id='word_1_12' title='bbox 555 478 587 530; x_wconf 91' lang='lat' dir='ltr'><strong>ut</strong></span> <span class='ocrx_word' id='word_1_13' title='bbox 601 479 732 545; x_wconf 79' lang='lat' dir='ltr'><strong>peccaret</strong></span> <span class='ocrx_word' id='word_1_14' title='bbox 745 475 877 544; x_wconf 69' lang='lat' dir='ltr'><strong>(excepto</strong></span> <span class='ocrx_word' id='word_1_15' title='bbox 895 473 943 529; x_wconf 91' lang='lat' dir='ltr'><strong>illo</strong></span> <span class='ocrx_word' id='word_1_16' title='bbox 963 473 1022 534; x_wconf 85' lang='lat' dir='ltr'><strong>solo</strong></span> <span class='ocrx_word' id='word_1_17' title='bbox 1042 473 1092 530; x_wconf 82' lang='lat' dir='ltr'><strong>ho·-</strong></span> 
     </span>
     <span class='ocr_line' id='line_1_3' title="bbox 184 559 1138 632; baseline -0.001 -15"><span class='ocrx_word' id='word_1_18' title='bbox 184 561 274 630; x_wconf 86' lang='lat' dir='ltr'><strong>mine‚</strong></span> <span class='ocrx_word' id='word_1_19' title='bbox 297 577 380 632; x_wconf 90' lang='lat' dir='ltr'><strong>quem</strong></span> <span class='ocrx_word' id='word_1_20' title='bbox 397 559 475 614; x_wconf 89' lang='lat' dir='ltr'><strong>Deus</strong></span> <span class='ocrx_word' id='word_1_21' title='bbox 494 559 568 617; x_wconf 88' lang='lat' dir='ltr'><strong>siout</strong></span> <span class='ocrx_word' id='word_1_22' title='bbox 596 559 678 614; x_wconf 86' lang='lat' dir='ltr'><strong>seivit</strong></span> <span class='ocrx_word' id='word_1_23' title='bbox 694 559 755 615; x_wconf 88' lang='lat' dir='ltr'><strong>sine</strong></span> <span class='ocrx_word' id='word_1_24' title='bbox 779 559 831 613; x_wconf 88' lang='lat' dir='ltr'><strong>viri</strong></span> <span class='ocrx_word' id='word_1_25' title='bbox 849 559 952 620; x_wconf 88' lang='lat' dir='ltr'><strong>semine</strong></span> <span class='ocrx_word' id='word_1_26' title='bbox 972 560 1010 616; x_wconf 91' lang='lat' dir='ltr'><strong>de</strong></span> <span class='ocrx_word' id='word_1_27' title='bbox 1024 560 1090 618; x_wconf 84' lang='lat' dir='ltr'><strong>Vir·</strong></span> <span class='ocrx_word' id='word_1_28' title='bbox 1134 579 1138 588; x_wconf 76' lang='grc'><strong><em>’</em></strong></span> 
     </span>
     <span class='ocr_line' id='line_1_4' title="bbox 185 643 1091 718; baseline 0 -18"><span class='ocrx_word' id='word_1_29' title='bbox 185 647 254 718; x_wconf 70' lang='lat' dir='ltr'><strong>gine,</strong></span> <span class='ocrx_word' id='word_1_30' title='bbox 273 646 380 715; x_wconf 85' lang='lat' dir='ltr'><strong>faeere,</strong></span> <span class='ocrx_word' id='word_1_31' title='bbox 405 643 445 700; x_wconf 90' lang='lat' dir='ltr'><strong>sio</strong></span> <span class='ocrx_word' id='word_1_32' title='bbox 470 644 552 699; x_wconf 84' lang='lat' dir='ltr'><strong>seivit</strong></span> <span class='ocrx_word' id='word_1_33' title='bbox 574 661 593 700; x_wconf 87' lang='lat' dir='ltr'><strong>a</strong></span> <span class='ocrx_word' id='word_1_34' title='bbox 614 651 731 716; x_wconf 87' lang='lat' dir='ltr'><strong>peceato</strong></span> <span class='ocrx_word' id='word_1_35' title='bbox 753 645 835 700; x_wconf 87' lang='lat' dir='ltr'><strong>Adae</strong></span> <span class='ocrx_word' id='word_1_36' title='bbox 859 647 1026 714; x_wconf 77' lang='lat' dir='ltr'>secernere),</span> <span class='ocrx_word' id='word_1_37' title='bbox 1050 645 1091 700; x_wconf 90' lang='lat' dir='ltr'><strong>ita</strong></span> 
     </span>
     <span class='ocr_line' id='line_1_5' title="bbox 184 728 1141 802; baseline -0.001 -15"><span class='ocrx_word' id='word_1_38' title='bbox 184 730 215 787; x_wconf 89' lang='lat' dir='ltr'><strong>in</strong></span> <span class='ocrx_word' id='word_1_39' title='bbox 233 728 336 788; x_wconf 87' lang='lat' dir='ltr'><strong>eisdem</strong></span> <span class='ocrx_word' id='word_1_40' title='bbox 353 735 414 786; x_wconf 87' lang='lat' dir='ltr'><strong>tota</strong></span> <span class='ocrx_word' id='word_1_41' title='bbox 429 729 552 800; x_wconf 86' lang='lat' dir='ltr'><strong>vicisset,</strong></span> <span class='ocrx_word' id='word_1_42' title='bbox 576 729 601 784; x_wconf 92' lang='lat' dir='ltr'><strong>si</strong></span> <span class='ocrx_word' id='word_1_43' title='bbox 614 747 671 790; x_wconf 87' lang='lat' dir='ltr'><strong>non</strong></span> <span class='ocrx_word' id='word_1_44' title='bbox 691 736 861 800; x_wconf 70' lang='lat' dir='ltr'><strong>peccassent.</strong></span> <span class='ocrx_word' id='word_1_45' title='bbox 896 729 996 785; x_wconf 78' lang='lat' dir='ltr'><strong>Restat</strong></span> <span class='ocrx_word' id='word_1_46' title='bbox 1014 747 1088 802; x_wconf 72' lang='lat' dir='ltr'><strong>ergo,</strong></span> <span class='ocrx_word' id='word_1_47' title='bbox 1108 728 1141 778; x_wconf 86' lang='grc'><strong>39</strong></span> 
     </span>
     <span class='ocr_line' id='line_1_6' title="bbox 185 814 1090 888; baseline 0.003 -18"><span class='ocrx_word' id='word_1_48' title='bbox 185 822 217 878; x_wconf 79' lang='lat' dir='ltr'><strong>ut</strong></span> <span class='ocrx_word' id='word_1_49' title='bbox 243 831 299 871; x_wconf 94' lang='lat' dir='ltr'><strong>non</strong></span> <span class='ocrx_word' id='word_1_50' title='bbox 327 815 466 884; x_wconf 85' lang='lat' dir='ltr'><strong>eompleta</strong></span> <span class='ocrx_word' id='word_1_51' title='bbox 487 815 518 872; x_wconf 88' lang='lat' dir='ltr'><strong>in</strong></span> <span class='ocrx_word' id='word_1_52' title='bbox 539 814 588 870; x_wconf 90' lang='lat' dir='ltr'><strong>illo</strong></span> <span class='ocrx_word' id='word_1_53' title='bbox 612 816 702 886; x_wconf 87' lang='lat' dir='ltr'><strong>primo</strong></span> <span class='ocrx_word' id='word_1_54' title='bbox 723 833 838 871; x_wconf 89' lang='lat' dir='ltr'><strong>numero</strong></span> <span class='ocrx_word' id='word_1_55' title='bbox 861 816 1023 888; x_wconf 84' lang='lat' dir='ltr'><strong>angelorum</strong></span> <span class='ocrx_word' id='word_1_56' title='bbox 1045 834 1090 873; x_wconf 85' lang='lat' dir='ltr'><strong>sn·</strong></span> 
     </span>
     <span class='ocr_line' id='line_1_7' title="bbox 184 899 1090 971; baseline 0 -15"><span class='ocrx_word' id='word_1_57' title='bbox 184 917 272 971; x_wconf 88' lang='lat' dir='ltr'><strong>perna</strong></span> <span class='ocrx_word' id='word_1_58' title='bbox 287 899 386 956; x_wconf 73' lang='lat' dir='ltr'><strong>civitam</strong></span> <span class='ocrx_word' id='word_1_59' title='bbox 401 901 451 956; x_wconf 86' lang='lat' dir='ltr'><strong>sed</strong></span> <span class='ocrx_word' id='word_1_60' title='bbox 463 901 498 956; x_wconf 87' lang='lat' dir='ltr'><strong>de</strong></span> <span class='ocrx_word' id='word_1_61' title='bbox 515 900 672 960; x_wconf 87' lang='lat' dir='ltr'><strong>hominibus</strong></span> <span class='ocrx_word' id='word_1_62' title='bbox 692 901 858 971; x_wconf 85' lang='lat' dir='ltr'><strong>complenda</strong></span> <span class='ocrx_word' id='word_1_63' title='bbox 869 901 955 956; x_wconf 68' lang='lat' dir='ltr'><strong>fixisse</strong></span> <span class='ocrx_word' id='word_1_64' title='bbox 973 902 1090 958; x_wconf 81' lang='lat' dir='ltr'><strong>dicatur.</strong></span> 
     </span>
     <span class='ocr_line' id='line_1_8' title="bbox 186 985 1091 1058; baseline -0.001 -18"><span class='ocrx_word' id='word_1_65' title='bbox 186 985 263 1051; x_wconf 77' lang='lat' dir='ltr'><strong>Quae</strong></span> <span class='ocrx_word' id='word_1_66' title='bbox 282 987 307 1040; x_wconf 92' lang='lat' dir='ltr'><strong>si</strong></span> <span class='ocrx_word' id='word_1_67' title='bbox 323 992 386 1040; x_wconf 85' lang='lat' dir='ltr'><strong>reta</strong></span> <span class='ocrx_word' id='word_1_68' title='bbox 402 993 475 1055; x_wconf 85' lang='lat' dir='ltr'><strong>sunt,</strong></span> <span class='ocrx_word' id='word_1_69' title='bbox 493 986 588 1058; x_wconf 84' lang='lat' dir='ltr'><strong>plures</strong></span> <span class='ocrx_word' id='word_1_70' title='bbox 606 992 688 1041; x_wconf 89' lang='lat' dir='ltr'><strong>erunt</strong></span> <span class='ocrx_word' id='word_1_71' title='bbox 704 985 786 1041; x_wconf 88' lang='lat' dir='ltr'><strong>electi</strong></span> <span class='ocrx_word' id='word_1_72' title='bbox 801 985 926 1042; x_wconf 86' lang='lat' dir='ltr'><strong>homines</strong></span> <span class='ocrx_word' id='word_1_73' title='bbox 939 1003 1022 1058; x_wconf 89' lang='lat' dir='ltr'><strong>quam</strong></span> <span class='ocrx_word' id='word_1_74' title='bbox 1035 985 1091 1040; x_wconf 90' lang='lat' dir='ltr'><strong>sint</strong></span> 
     </span>
     <span class='ocr_line' id='line_1_9' title="bbox 184 1069 1142 1142; baseline -0.004 -16"><span class='ocrx_word' id='word_1_75' title='bbox 184 1070 296 1142; x_wconf 82' lang='lat' dir='ltr'>reprobi</span> <span class='ocrx_word' id='word_1_76' title='bbox 318 1071 421 1142; x_wconf 86' lang='lat' dir='ltr'><strong>angeli.</strong></span> <span class='ocrx_word' id='word_1_77' title='bbox 455 1072 525 1125; x_wconf 81' lang='lat' dir='ltr'><strong>Bos.</strong></span> <span class='ocrx_word' id='word_1_78' title='bbox 554 1069 744 1126; x_wconf 84' lang='lat' dir='ltr'><strong>Rationabilia</strong></span> <span class='ocrx_word' id='word_1_79' title='bbox 767 1070 835 1124; x_wconf 88' lang='lat' dir='ltr'><strong>mihi</strong></span> <span class='ocrx_word' id='word_1_80' title='bbox 860 1070 942 1124; x_wconf 81' lang='lat' dir='ltr'><strong>valde</strong></span> <span class='ocrx_word' id='word_1_81' title='bbox 961 1069 1091 1124; x_wconf 86' lang='lat' dir='ltr'><strong>videntur</strong></span> <span class='ocrx_word' id='word_1_82' title='bbox 1109 1072 1142 1123; x_wconf 85' lang='lat'><strong>40</strong></span> 
     </span>
     <span class='ocr_line' id='line_1_10' title="bbox 186 1154 1090 1227; baseline -0.004 -15"><span class='ocrx_word' id='word_1_83' title='bbox 186 1173 258 1227; x_wconf 86' lang='lat' dir='ltr'><strong>quae</strong></span> <span class='ocrx_word' id='word_1_84' title='bbox 286 1155 372 1225; x_wconf 78' lang='lat' dir='ltr'><strong>dicis3</strong></span> <span class='ocrx_word' id='word_1_85' title='bbox 401 1156 451 1211; x_wconf 86' lang='lat' dir='ltr'><strong>sed</strong></span> <span class='ocrx_word' id='word_1_86' title='bbox 478 1155 546 1226; x_wconf 86' lang='lat' dir='ltr'><strong>quid</strong></span> <span class='ocrx_word' id='word_1_87' title='bbox 574 1155 711 1224; x_wconf 86' lang='lat' dir='ltr'><strong>dicemus,</strong></span> <span class='ocrx_word' id='word_1_88' title='bbox 738 1154 804 1226; x_wconf 83' lang='lat' dir='ltr'><strong>quia</strong></span> <span class='ocrx_word' id='word_1_89' title='bbox 828 1154 931 1227; x_wconf 84' lang='lat' dir='ltr'><strong>legitur</strong></span> <span class='ocrx_word' id='word_1_90' title='bbox 956 1155 992 1210; x_wconf 87' lang='lat' dir='ltr'><strong>de</strong></span> <span class='ocrx_word' id='word_1_91' title='bbox 1013 1154 1090 1210; x_wconf 90' lang='lat' dir='ltr'><strong>Deo:</strong></span> 
     </span>
     <span class='ocr_line' id='line_1_11' title="bbox 186 1240 1092 1312; baseline -0.002 -16"><span class='ocrx_word' id='word_1_92' title='bbox 186 1243 326 1296; x_wconf 75' lang='lat' dir='ltr'><strong>constituit</strong></span> <span class='ocrx_word' id='word_1_93' title='bbox 350 1241 482 1312; x_wconf 72' lang='lat' dir='ltr'><strong>tmmr&#39;ooa</strong></span> <span class='ocrx_word' id='word_1_94' title='bbox 501 1241 676 1311; x_wconf 78' lang='lat' dir='ltr'><strong>populorum</strong></span> <span class='ocrx_word' id='word_1_95' title='bbox 702 1240 781 1294; x_wconf 79' lang='lat' dir='ltr'><strong>iactu</strong></span> <span class='ocrx_word' id='word_1_96' title='bbox 802 1259 945 1296; x_wconf 79' lang='lat' dir='ltr'><strong>numerum</strong></span> <span class='ocrx_word' id='word_1_97' title='bbox 963 1241 1092 1310; x_wconf 68' lang='lat' dir='ltr'><strong>filiorum</strong></span> 
     </span>
     <span class='ocr_line' id='line_1_12' title="bbox 185 1319 1093 1396; baseline -0.002 -14"><span class='ocrx_word' id='word_1_98' title='bbox 185 1328 330 1394; x_wconf 59' lang='lat' dir='ltr'><strong>lasciv)</strong></span> <span class='ocrx_word' id='word_1_99' title='bbox 364 1319 446 1391; x_wconf 82' lang='lat' dir='ltr'><strong>Quod</strong></span> <span class='ocrx_word' id='word_1_100' title='bbox 466 1325 587 1396; x_wconf 85' lang='lat' dir='ltr'><strong>quidam,</strong></span> <span class='ocrx_word' id='word_1_101' title='bbox 608 1324 674 1396; x_wconf 84' lang='lat' dir='ltr'><strong>quis</strong></span> <span class='ocrx_word' id='word_1_102' title='bbox 690 1342 741 1395; x_wconf 89' lang='lat' dir='ltr'><strong>pro</strong></span> <span class='ocrx_word' id='word_1_103' title='bbox 753 1327 881 1394; x_wconf 75' lang='lat' dir='ltr'><strong>filiorum</strong></span> <span class='ocrx_word' id='word_1_104' title='bbox 904 1326 998 1380; x_wconf 69' lang='lat' dir='ltr'><strong>Israel</strong></span> <span class='ocrx_word' id='word_1_105' title='bbox 1017 1325 1093 1380; x_wconf 80' lang='lat' dir='ltr'><strong>inre-</strong></span> 
     </span>
     <span class='ocr_line' id='line_1_13' title="bbox 117 1410 1092 1481; baseline -0.006 -10"><span class='ocrx_word' id='word_1_106' title='bbox 117 1420 119 1423; x_wconf 78' lang='grc'>’</span> <span class='ocrx_word' id='word_1_107' title='bbox 186 1413 261 1471; x_wconf 88' lang='lat' dir='ltr'><strong>uitur</strong></span> <span class='ocrx_word' id='word_1_108' title='bbox 279 1411 443 1480; x_wconf 68' lang='lat' dir='ltr'><strong>noeriorum</strong></span> <span class='ocrx_word' id='word_1_109' title='bbox 462 1412 562 1479; x_wconf 78' lang='lat' dir='ltr'><strong>Dei,.²)</strong></span> <span class='ocrx_word' id='word_1_110' title='bbox 584 1410 629 1465; x_wconf 87' lang='lat' dir='ltr'><strong>sie</strong></span> <span class='ocrx_word' id='word_1_111' title='bbox 643 1415 798 1481; x_wconf 88' lang='lat' dir='ltr'><strong>exponunt,</strong></span> <span class='ocrx_word' id='word_1_112' title='bbox 824 1415 857 1464; x_wconf 91' lang='lat' dir='ltr'><strong>ut</strong></span> <span class='ocrx_word' id='word_1_113' title='bbox 872 1411 1024 1464; x_wconf 89' lang='lat' dir='ltr'><strong>secundum</strong></span> <span class='ocrx_word' id='word_1_114' title='bbox 1041 1427 1092 1466; x_wconf 92' lang='lat' dir='ltr'><strong>nu·</strong></span> 
     </span>
     <span class='ocr_line' id='line_1_14' title="bbox 186 1495 1092 1568; baseline -0.003 -16"><span class='ocrx_word' id='word_1_115' title='bbox 186 1515 292 1553; x_wconf 90' lang='lat' dir='ltr'><strong>merum</strong></span> <span class='ocrx_word' id='word_1_116' title='bbox 314 1497 450 1554; x_wconf 89' lang='lat' dir='ltr'><strong>bonorum</strong></span> <span class='ocrx_word' id='word_1_117' title='bbox 471 1497 632 1568; x_wconf 82' lang='lat' dir='ltr'><strong>angelorum</strong></span> <span class='ocrx_word' id='word_1_118' title='bbox 652 1497 835 1552; x_wconf 85' lang='lat' dir='ltr'><strong>assumendus</strong></span> <span class='ocrx_word' id='word_1_119' title='bbox 854 1495 1027 1566; x_wconf 76' lang='lat' dir='ltr'><strong>intelligatur</strong></span> <span class='ocrx_word' id='word_1_120' title='bbox 1041 1511 1092 1549; x_wconf 91' lang='lat' dir='ltr'><strong>nu·</strong></span> 
     </span>
     <span class='ocr_line' id='line_1_15' title="bbox 186 1581 1143 1650; baseline -0.002 -10"><span class='ocrx_word' id='word_1_121' title='bbox 186 1600 278 1640; x_wconf 83' lang='lat' dir='ltr'><strong>merus</strong></span> <span class='ocrx_word' id='word_1_122' title='bbox 304 1583 455 1640; x_wconf 81' lang='lat' dir='ltr'><strong>electorum</strong></span> <span class='ocrx_word' id='word_1_123' title='bbox 481 1581 632 1638; x_wconf 86' lang='lat' dir='ltr'><strong>hominum.</strong></span> <span class='ocrx_word' id='word_1_124' title='bbox 680 1581 750 1636; x_wconf 77' lang='lat' dir='ltr'><strong>Ans.</strong></span> <span class='ocrx_word' id='word_1_125' title='bbox 784 1581 847 1636; x_wconf 89' lang='lat' dir='ltr'><strong>Hoo</strong></span> <span class='ocrx_word' id='word_1_126' title='bbox 874 1598 932 1636; x_wconf 92' lang='lat' dir='ltr'><strong>non</strong></span> <span class='ocrx_word' id='word_1_127' title='bbox 955 1583 1095 1650; x_wconf 83' lang='lat' dir='ltr'><strong>repugnat</strong></span> <span class='ocrx_word' id='word_1_128' title='bbox 1111 1587 1143 1638; x_wconf 83' lang='lat'><strong>41</strong></span> 
     </span>
     <span class='ocr_line' id='line_1_16' title="bbox 186 1664 1094 1740; baseline -0.007 -16"><span class='ocrx_word' id='word_1_129' title='bbox 186 1669 346 1740; x_wconf 82' lang='lat' dir='ltr'><strong>praedictae</strong></span> <span class='ocrx_word' id='word_1_130' title='bbox 364 1665 546 1737; x_wconf 58' lang='lat' dir='ltr'><strong>sententiam·</strong></span> <span class='ocrx_word' id='word_1_131' title='bbox 562 1666 586 1720; x_wconf 92' lang='lat' dir='ltr'><strong>si</strong></span> <span class='ocrx_word' id='word_1_132' title='bbox 604 1671 711 1722; x_wconf 81' lang='lat' dir='ltr'><strong>eertum</strong></span> <span class='ocrx_word' id='word_1_133' title='bbox 728 1672 858 1735; x_wconf 88' lang='lat' dir='ltr'><strong>nonest,</strong></span> <span class='ocrx_word' id='word_1_134' title='bbox 884 1664 960 1737; x_wconf 89' lang='lat' dir='ltr'><strong>quod</strong></span> <span class='ocrx_word' id='word_1_135' title='bbox 976 1665 1094 1720; x_wconf 85' lang='lat' dir='ltr'><strong>totidem</strong></span> 
     </span>
     <span class='ocr_line' id='line_1_17' title="bbox 186 1750 1094 1826; baseline -0.009 -16"><span class='ocrx_word' id='word_1_136' title='bbox 186 1755 281 1826; x_wconf 82' lang='lat' dir='ltr'><strong>angeli</strong></span> <span class='ocrx_word' id='word_1_137' title='bbox 307 1753 475 1810; x_wconf 84' lang='lat' dir='ltr'><strong>cecidissent</strong></span> <span class='ocrx_word' id='word_1_138' title='bbox 506 1758 574 1822; x_wconf 90' lang='lat' dir='ltr'><strong>quot</strong></span> <span class='ocrx_word' id='word_1_139' title='bbox 604 1757 803 1807; x_wconf 81' lang='lat' dir='ltr'><strong>remanserunt</strong></span> <span class='ocrx_word' id='word_1_140' title='bbox 851 1751 924 1808; x_wconf 83' lang='lat' dir='ltr'><strong>Nem</strong></span> <span class='ocrx_word' id='word_1_141' title='bbox 949 1750 973 1804; x_wconf 91' lang='lat' dir='ltr'><strong>si</strong></span> <span class='ocrx_word' id='word_1_142' title='bbox 1000 1750 1094 1822; x_wconf 90' lang='lat' dir='ltr'><strong>plures</strong></span> 
     </span>
     <span class='ocr_line' id='line_1_18' title="bbox 188 1831 1094 1909; baseline -0.007 -14"><span class='ocrx_word' id='word_1_143' title='bbox 188 1846 254 1902; x_wconf 87' lang='lat' dir='ltr'><strong>sunt</strong></span> <span class='ocrx_word' id='word_1_144' title='bbox 274 1837 367 1909; x_wconf 90' lang='lat' dir='ltr'><strong>angeli</strong></span> <span class='ocrx_word' id='word_1_145' title='bbox 387 1837 467 1893; x_wconf 89' lang='lat' dir='ltr'><strong>electi</strong></span> <span class='ocrx_word' id='word_1_146' title='bbox 485 1853 569 1906; x_wconf 85' lang='lat' dir='ltr'><strong>qnam</strong></span> <span class='ocrx_word' id='word_1_147' title='bbox 588 1835 708 1907; x_wconf 84' lang='lat' dir='ltr'><strong>reprobi,</strong></span> <span class='ocrx_word' id='word_1_148' title='bbox 725 1831 757 1891; x_wconf 56' lang='lat' dir='ltr'><strong>&#39;et</strong></span> <span class='ocrx_word' id='word_1_149' title='bbox 772 1853 884 1892; x_wconf 88' lang='lat' dir='ltr'><strong>necesse</strong></span> <span class='ocrx_word' id='word_1_150' title='bbox 904 1842 946 1892; x_wconf 90' lang='lat' dir='ltr'><strong>est</strong></span> <span class='ocrx_word' id='word_1_151' title='bbox 957 1842 1094 1906; x_wconf 84' lang='lat' dir='ltr'><strong>utrepro·</strong></span> 
     </span>
     <span class='ocr_line' id='line_1_19' title="bbox 187 1920 1137 2000; baseline -0.006 -19"><span class='ocrx_word' id='word_1_152' title='bbox 187 1925 239 1981; x_wconf 86' lang='lat' dir='ltr'><strong>bos</strong></span> <span class='ocrx_word' id='word_1_153' title='bbox 257 1922 340 1980; x_wconf 82' lang='lat' dir='ltr'><strong>electi</strong></span> <span class='ocrx_word' id='word_1_154' title='bbox 355 1921 481 1978; x_wconf 86' lang='lat' dir='ltr'><strong>homines</strong></span> <span class='ocrx_word' id='word_1_155' title='bbox 503 1923 673 1992; x_wconf 77' lang='lat' dir='ltr'><strong>restaurent,</strong></span> <span class='ocrx_word' id='word_1_156' title='bbox 701 1929 729 1977; x_wconf 90' lang='lat' dir='ltr'><strong>et</strong></span> <span class='ocrx_word' id='word_1_157' title='bbox 752 1928 845 1993; x_wconf 89' lang='lat' dir='ltr'><strong>potest</strong></span> <span class='ocrx_word' id='word_1_158' title='bbox 867 1921 928 1978; x_wconf 87' lang='lat' dir='ltr'><strong>fieri</strong></span> <span class='ocrx_word' id='word_1_159' title='bbox 953 1927 986 1976; x_wconf 91' lang='lat' dir='ltr'><strong>ut</strong></span> <span class='ocrx_word' id='word_1_160' title='bbox 1000 1920 1095 2000; x_wconf 75' lang='lat' dir='ltr'><strong>beato·</strong></span> <span class='ocrx_word' id='word_1_161' title='bbox 1135 1943 1137 1947; x_wconf 58' lang='grc'>’</span> 
     </span>
     <span class='ocr_line' id='line_1_20' title="bbox 188 2005 1095 2078; baseline -0.002 -16"><span class='ocrx_word' id='word_1_162' title='bbox 188 2023 251 2062; x_wconf 88' lang='lat' dir='ltr'><strong>rum</strong></span> <span class='ocrx_word' id='word_1_163' title='bbox 274 2023 388 2062; x_wconf 88' lang='lat' dir='ltr'><strong>numero</strong></span> <span class='ocrx_word' id='word_1_164' title='bbox 411 2013 613 2078; x_wconf 88' lang='lat' dir='ltr'><strong>eoaequentur‚</strong></span> <span class='ocrx_word' id='word_1_165' title='bbox 641 2013 670 2062; x_wconf 93' lang='lat' dir='ltr'><strong>et</strong></span> <span class='ocrx_word' id='word_1_166' title='bbox 694 2007 735 2060; x_wconf 87' lang='lat' dir='ltr'><strong>sie</strong></span> <span class='ocrx_word' id='word_1_167' title='bbox 756 2006 852 2077; x_wconf 86' lang='lat' dir='ltr'><strong>plures</strong></span> <span class='ocrx_word' id='word_1_168' title='bbox 874 2013 955 2062; x_wconf 79' lang='lat' dir='ltr'><strong>erma</strong></span> <span class='ocrx_word' id='word_1_169' title='bbox 971 2005 1095 2060; x_wconf 89' lang='lat' dir='ltr'><strong>homines</strong></span> 
     </span>
     <span class='ocr_line' id='line_1_21' title="bbox 189 2089 1145 2163; baseline -0.006 -17"><span class='ocrx_word' id='word_1_170' title='bbox 189 2090 257 2149; x_wconf 84' lang='lat' dir='ltr'><strong>iusti</strong></span> <span class='ocrx_word' id='word_1_171' title='bbox 275 2107 358 2162; x_wconf 92' lang='lat' dir='ltr'><strong>quam</strong></span> <span class='ocrx_word' id='word_1_172' title='bbox 376 2091 470 2163; x_wconf 81' lang='lat' dir='ltr'><strong>angeli</strong></span> <span class='ocrx_word' id='word_1_173' title='bbox 486 2091 591 2148; x_wconf 88' lang='lat' dir='ltr'><strong>iniusti.</strong></span> <span class='ocrx_word' id='word_1_174' title='bbox 627 2089 682 2147; x_wconf 81' lang='lat' dir='ltr'><strong>Sed</strong></span> <span class='ocrx_word' id='word_1_175' title='bbox 701 2097 846 2159; x_wconf 88' lang='lat' dir='ltr'><strong>memento,</strong></span> <span class='ocrx_word' id='word_1_176' title='bbox 854 2093 875 2159; x_wconf 58' lang='grc'><strong>3)</strong></span> <span class='ocrx_word' id='word_1_177' title='bbox 893 2097 948 2161; x_wconf 89' lang='lat' dir='ltr'><strong>quo</strong></span> <span class='ocrx_word' id='word_1_178' title='bbox 959 2096 1043 2162; x_wconf 90' lang='lat' dir='ltr'><strong>pacto</strong></span> <span class='ocrx_word' id='word_1_179' title='bbox 1054 2089 1095 2144; x_wconf 89' lang='lat' dir='ltr'><strong>in-</strong></span> <span class='ocrx_word' id='word_1_180' title='bbox 1112 2089 1145 2140; x_wconf 82' lang='lat'><strong>42</strong></span> 
     </span>
     <span class='ocr_line' id='line_1_22' title="bbox 189 2173 1095 2248; baseline -0.007 -16"><span class='ocrx_word' id='word_1_181' title='bbox 189 2177 252 2248; x_wconf 91' lang='lat' dir='ltr'><strong>oepi</strong></span> <span class='ocrx_word' id='word_1_182' title='bbox 269 2181 335 2231; x_wconf 88' lang='lat' dir='ltr'><strong>tuae</strong></span> <span class='ocrx_word' id='word_1_183' title='bbox 351 2177 520 2247; x_wconf 89' lang='lat' dir='ltr'><strong>respondere</strong></span> <span class='ocrx_word' id='word_1_184' title='bbox 536 2175 707 2248; x_wconf 82' lang='lat' dir='ltr'><strong>quaestioni;</strong></span> <span class='ocrx_word' id='word_1_185' title='bbox 730 2183 763 2230; x_wconf 92' lang='lat' dir='ltr'><strong>ut</strong></span> <span class='ocrx_word' id='word_1_186' title='bbox 779 2175 909 2230; x_wconf 87' lang='lat' dir='ltr'><strong>videlieet</strong></span> <span class='ocrx_word' id='word_1_187' title='bbox 927 2175 951 2228; x_wconf 90' lang='lat' dir='ltr'><strong>si</strong></span> <span class='ocrx_word' id='word_1_188' title='bbox 968 2175 1037 2246; x_wconf 90' lang='lat' dir='ltr'><strong>quid</strong></span> <span class='ocrx_word' id='word_1_189' title='bbox 1054 2173 1095 2228; x_wconf 53' lang='lat' dir='ltr'><strong>di,</strong></span> 
     </span>
     <span class='ocr_line' id='line_1_23' title="bbox 190 2260 1096 2332; baseline -0.004 -13"><span class='ocrx_word' id='word_1_190' title='bbox 190 2279 264 2332; x_wconf 85' lang='lat' dir='ltr'><strong>xero,</strong></span> <span class='ocrx_word' id='word_1_191' title='bbox 283 2261 359 2332; x_wconf 91' lang='lat' dir='ltr'><strong>quod</strong></span> <span class='ocrx_word' id='word_1_192' title='bbox 376 2261 464 2316; x_wconf 90' lang='lat' dir='ltr'><strong>maior</strong></span> <span class='ocrx_word' id='word_1_193' title='bbox 488 2278 553 2315; x_wconf 84' lang='lat' dir='ltr'><strong>non.</strong></span> <span class='ocrx_word' id='word_1_194' title='bbox 569 2260 896 2330; x_wconf 83' lang='lat' dir='ltr'><strong>confirmetauotoritas,</strong></span> <span class='ocrx_word' id='word_1_195' title='bbox 921 2261 1047 2331; x_wconf 80' lang='lat' dir='ltr'><strong>quamvis</strong></span> <span class='ocrx_word' id='word_1_196' title='bbox 1064 2261 1096 2315; x_wconf 91' lang='lat' dir='ltr'><strong>il-</strong></span> 
     </span>
     <span class='ocr_line' id='line_1_24' title="bbox 190 2345 1096 2416; baseline -0.001 -14"><span class='ocrx_word' id='word_1_197' title='bbox 190 2347 240 2402; x_wconf 89' lang='lat' dir='ltr'><strong>lud</strong></span> <span class='ocrx_word' id='word_1_198' title='bbox 268 2346 377 2402; x_wconf 81' lang='lat' dir='ltr'><strong>ratione</strong></span> <span class='ocrx_word' id='word_1_199' title='bbox 403 2345 522 2416; x_wconf 87' lang='lat' dir='ltr'><strong>probare</strong></span> <span class='ocrx_word' id='word_1_200' title='bbox 545 2345 657 2414; x_wconf 85' lang='lat' dir='ltr'><strong>videar,</strong></span> <span class='ocrx_word' id='word_1_201' title='bbox 682 2362 738 2400; x_wconf 90' lang='lat' dir='ltr'><strong>non</strong></span> <span class='ocrx_word' id='word_1_202' title='bbox 760 2345 816 2400; x_wconf 85' lang='lat' dir='ltr'><strong>alia</strong></span> <span class='ocrx_word' id='word_1_203' title='bbox 837 2345 1002 2402; x_wconf 82' lang='lat' dir='ltr'><strong>certitudine</strong></span> <span class='ocrx_word' id='word_1_204' title='bbox 1025 2345 1096 2402; x_wconf 90' lang='lat' dir='ltr'><strong>aeoi·</strong></span> 
     </span>
     <span class='ocr_line' id='line_1_25' title="bbox 191 2429 1097 2504; baseline -0.002 -18"><span class='ocrx_word' id='word_1_205' title='bbox 191 2433 299 2504; x_wconf 84' lang='lat' dir='ltr'><strong>piatur,</strong></span> <span class='ocrx_word' id='word_1_206' title='bbox 326 2431 380 2487; x_wconf 90' lang='lat' dir='ltr'><strong>nisi</strong></span> <span class='ocrx_word' id='word_1_207' title='bbox 404 2430 472 2504; x_wconf 85' lang='lat' dir='ltr'><strong>quia</strong></span> <span class='ocrx_word' id='word_1_208' title='bbox 494 2430 604 2486; x_wconf 89' lang='lat' dir='ltr'><strong>interim</strong></span> <span class='ocrx_word' id='word_1_209' title='bbox 631 2429 699 2484; x_wconf 86' lang='lat' dir='ltr'><strong>mihi</strong></span> <span class='ocrx_word' id='word_1_210' title='bbox 715 2431 756 2484; x_wconf 85' lang='lat' dir='ltr'><strong>ita</strong></span> <span class='ocrx_word' id='word_1_211' title='bbox 773 2430 897 2502; x_wconf 85' lang='lat' dir='ltr'><strong>videtur,</strong></span> <span class='ocrx_word' id='word_1_212' title='bbox 923 2432 1011 2489; x_wconf 88' lang='lat' dir='ltr'><strong>donee</strong></span> <span class='ocrx_word' id='word_1_213' title='bbox 1028 2431 1097 2485; x_wconf 91' lang='lat' dir='ltr'><strong>mihi</strong></span> 
     </span>
     <span class='ocr_line' id='line_1_26' title="bbox 191 2514 1146 2586; baseline 0.001 -11"><span class='ocrx_word' id='word_1_214' title='bbox 191 2514 269 2575; x_wconf 89' lang='lat' dir='ltr'><strong>Deus</strong></span> <span class='ocrx_word' id='word_1_215' title='bbox 287 2515 386 2572; x_wconf 90' lang='lat' dir='ltr'><strong>melius</strong></span> <span class='ocrx_word' id='word_1_216' title='bbox 403 2515 597 2586; x_wconf 89' lang='lat' dir='ltr'><strong>aliquomodo</strong></span> <span class='ocrx_word' id='word_1_217' title='bbox 615 2516 727 2572; x_wconf 84' lang='lat' dir='ltr'><strong>revelet.</strong></span> <span class='ocrx_word' id='word_1_218' title='bbox 762 2514 861 2572; x_wconf 77' lang='lat' dir='ltr'><strong>Certus</strong></span> <span class='ocrx_word' id='word_1_219' title='bbox 885 2515 958 2572; x_wconf 89' lang='lat' dir='ltr'><strong>enim</strong></span> <span class='ocrx_word' id='word_1_220' title='bbox 975 2534 1047 2585; x_wconf 85' lang='lat' dir='ltr'><strong>sum,</strong></span> <span class='ocrx_word' id='word_1_221' title='bbox 1073 2514 1097 2568; x_wconf 89' lang='lat' dir='ltr'><strong>si</strong></span> <span class='ocrx_word' id='word_1_222' title='bbox 1113 2523 1146 2575; x_wconf 84' lang='lat'><strong>43</strong></span> 
     </span>
     <span class='ocr_line' id='line_1_27' title="bbox 192 2599 1098 2674; baseline -0.004 -16"><span class='ocrx_word' id='word_1_223' title='bbox 192 2601 261 2674; x_wconf 87' lang='lat' dir='ltr'><strong>quid</strong></span> <span class='ocrx_word' id='word_1_224' title='bbox 279 2601 342 2659; x_wconf 87' lang='lat' dir='ltr'><strong>dico</strong></span> <span class='ocrx_word' id='word_1_225' title='bbox 361 2601 437 2674; x_wconf 86' lang='lat' dir='ltr'><strong>quod</strong></span> <span class='ocrx_word' id='word_1_226' title='bbox 461 2617 557 2658; x_wconf 84' lang='lat' dir='ltr'><strong>sacrae</strong></span> <span class='ocrx_word' id='word_1_227' title='bbox 584 2601 738 2673; x_wconf 76' lang='lat' dir='ltr'><strong>scripturae</strong></span> <span class='ocrx_word' id='word_1_228' title='bbox 748 2605 770 2672; x_wconf 79' lang='lat'><strong>⁴)</strong></span> <span class='ocrx_word' id='word_1_229' title='bbox 796 2600 902 2674; x_wconf 86' lang='lat' dir='ltr'><strong>absque</strong></span> <span class='ocrx_word' id='word_1_230' title='bbox 923 2599 1009 2657; x_wconf 90' lang='lat' dir='ltr'><strong>dubio</strong></span> <span class='ocrx_word' id='word_1_231' title='bbox 1033 2615 1098 2654; x_wconf 88' lang='lat' dir='ltr'><strong>eon·</strong></span> 
     </span>
    </p>
   </div>
   <div class='ocr_carea' id='block_1_3' title="bbox 198 2874 1127 3285">
    <p class='ocr_par' dir='ltr' id='par_1_3' title="bbox 202 2874 1020 3086">
     <span class='ocr_line' id='line_1_28' title="bbox 308 2874 562 2946; baseline 0 -16"><span class='ocrx_word' id='word_1_232' title='bbox 308 2874 459 2930; x_wconf 87' lang='lat' dir='ltr'><strong>Deuteron.</strong></span> <span class='ocrx_word' id='word_1_233' title='bbox 479 2877 521 2946; x_wconf 72' lang='lat'><strong>³2,</strong></span> <span class='ocrx_word' id='word_1_234' title='bbox 539 2878 562 2930; x_wconf 88' lang='grc'><strong>8.</strong></span> 
     </span>
     <span class='ocr_line' id='line_1_29' title="bbox 202 2939 935 3016; baseline -0.007 -17"><span class='ocrx_word' id='word_1_235' title='bbox 202 2997 206 3004; x_wconf 90' lang='grc'>,</span> <span class='ocrx_word' id='word_1_236' title='bbox 264 2949 280 2998; x_wconf 83' lang='grc'><strong>2</strong></span> <span class='ocrx_word' id='word_1_237' title='bbox 311 2941 410 3002; x_wconf 79' lang='lat' dir='ltr'>LXX:</span> <span class='ocrx_word' id='word_1_238' title='bbox 431 2939 500 2996; x_wconf 77' lang='grc' dir='ltr'><strong>κατὰ</strong></span> <span class='ocrx_word' id='word_1_239' title='bbox 519 2939 644 3016; x_wconf 76' lang='grc' dir='ltr'><strong><em>ἀριθμὸν</em></strong></span> <span class='ocrx_word' id='word_1_240' title='bbox 661 2939 824 3012; x_wconf 72' lang='grc' dir='ltr'><strong>ἀγγέλων</strong></span> <span class='ocrx_word' id='word_1_241' title='bbox 840 2939 935 2994; x_wconf 73' lang='grc' dir='ltr'><strong><em>θεοῦ.</em></strong></span> 
     </span>
     <span class='ocr_line' id='line_1_30' title="bbox 202 3011 1020 3086; baseline -0.013 -13"><span class='ocrx_word' id='word_1_242' title='bbox 202 3064 206 3073; x_wconf 97' lang='grc'>.</span> <span class='ocrx_word' id='word_1_243' title='bbox 265 3013 292 3080; x_wconf 80' lang='grc'><strong>3)</strong></span> <span class='ocrx_word' id='word_1_244' title='bbox 312 3011 387 3069; x_wconf 87' lang='lat' dir='ltr'><strong>Vide</strong></span> <span class='ocrx_word' id='word_1_245' title='bbox 406 3015 574 3079; x_wconf 64' lang='lat' dir='ltr'><strong>surani,</strong></span> <span class='ocrx_word' id='word_1_246' title='bbox 593 3016 617 3066; x_wconf 86' lang='lat'><strong>9.</strong></span> <span class='ocrx_word' id='word_1_247' title='bbox 969 3067 971 3074; x_wconf 64' lang='grc'><strong>,</strong></span> <span class='ocrx_word' id='word_1_248' title='bbox 1013 3071 1020 3086; x_wconf 35' lang='grc' dir='ltr'>ι</span> 
     </span>
    </p>

    <p class='ocr_par' dir='ltr' id='par_1_4' title="bbox 198 3071 1127 3285">
     <span class='ocr_line' id='line_1_31' title="bbox 266 3071 1127 3150; baseline -0.015 -14"><span class='ocrx_word' id='word_1_249' title='bbox 266 3082 294 3149; x_wconf 86' lang='grc'><strong>4)</strong></span> <span class='ocrx_word' id='word_1_250' title='bbox 313 3077 410 3150; x_wconf 81' lang='lat' dir='ltr'><strong>„Siout</strong></span> <span class='ocrx_word' id='word_1_251' title='bbox 456 3097 505 3135; x_wconf 91' lang='lat' dir='ltr'><strong>eus</strong></span> <span class='ocrx_word' id='word_1_252' title='bbox 523 3076 706 3150; x_wconf 61' lang='lat' dir='ltr'><strong>in‘prineipio</strong></span> <span class='ocrx_word' id='word_1_253' title='bbox 723 3093 774 3148; x_wconf 88' lang='lat' dir='ltr'><strong>per</strong></span> <span class='ocrx_word' id='word_1_254' title='bbox 786 3075 950 3130; x_wconf 86' lang='lat' dir='ltr'><strong>miraculum</strong></span> <span class='ocrx_word' id='word_1_255' title='bbox 966 3071 1035 3128; x_wconf 81' lang='lat' dir='ltr'><strong>feeit</strong></span> <span class='ocrx_word' id='word_1_256' title='bbox 1044 3071 1100 3136; x_wconf 78' lang='lat' dir='ltr'><strong>fru</strong></span> <span class='ocrx_word' id='word_1_257' title='bbox 1124 3118 1127 3123; x_wconf 89' lang='lat'>.</span> 
     </span>
     <span class='ocr_line' id='line_1_32' title="bbox 199 3141 1101 3223; baseline -0.008 -19"><span class='ocrx_word' id='word_1_258' title='bbox 199 3153 323 3204; x_wconf 74' lang='lat' dir='ltr'><strong>mentum</strong></span> <span class='ocrx_word' id='word_1_259' title='bbox 348 3153 376 3204; x_wconf 89' lang='lat' dir='ltr'><strong>et</strong></span> <span class='ocrx_word' id='word_1_260' title='bbox 396 3149 455 3204; x_wconf 84' lang='lat' dir='ltr'><strong>alia·</strong></span> <span class='ocrx_word' id='word_1_261' title='bbox 475 3148 603 3204; x_wconf 86' lang='lat' dir='ltr'><strong>deterre</strong></span> <span class='ocrx_word' id='word_1_262' title='bbox 619 3145 763 3208; x_wconf 77' lang='lat' dir='ltr'><strong>nascentia</strong></span> <span class='ocrx_word' id='word_1_263' title='bbox 781 3145 819 3199; x_wconf 90' lang='lat' dir='ltr'><strong>ad</strong></span> <span class='ocrx_word' id='word_1_264' title='bbox 836 3144 997 3198; x_wconf 90' lang='lat' dir='ltr'><strong>alimentum</strong></span> <span class='ocrx_word' id='word_1_265' title='bbox 1014 3141 1101 3223; x_wconf 68' lang='lat' dir='ltr'><strong>horm-</strong></span> 
     </span>
     <span class='ocr_line' id='line_1_33' title="bbox 198 3209 1102 3285; baseline -0.011 -11"><span class='ocrx_word' id='word_1_266' title='bbox 198 3233 267 3274; x_wconf 90' lang='lat' dir='ltr'><strong>num</strong></span> <span class='ocrx_word' id='word_1_267' title='bbox 288 3216 348 3272; x_wconf 88' lang='lat' dir='ltr'><strong>sine</strong></span> <span class='ocrx_word' id='word_1_268' title='bbox 365 3217 471 3272; x_wconf 86' lang='lat' dir='ltr'><strong>cultore</strong></span> <span class='ocrx_word' id='word_1_269' title='bbox 487 3223 515 3274; x_wconf 90' lang='lat' dir='ltr'><strong>et</strong></span> <span class='ocrx_word' id='word_1_270' title='bbox 533 3215 694 3285; x_wconf 89' lang='lat' dir='ltr'><strong>seminibus,</strong></span> <span class='ocrx_word' id='word_1_271' title='bbox 711 3216 752 3271; x_wconf 86' lang='lat' dir='ltr'><strong>ita</strong></span> <span class='ocrx_word' id='word_1_272' title='bbox 768 3213 827 3268; x_wconf 89' lang='lat' dir='ltr'><strong>sine</strong></span> <span class='ocrx_word' id='word_1_273' title='bbox 843 3211 964 3266; x_wconf 86' lang='lat' dir='ltr'><strong>humana</strong></span> <span class='ocrx_word' id='word_1_274' title='bbox 978 3209 1102 3272; x_wconf 76' lang='lat' dir='ltr'><strong>doctrina</strong></span> 
     </span>
    </p>
   </div>
   <div class='ocr_carea' id='block_1_4' title="bbox 265 2881 277 2931">
    <p class='ocr_par' dir='ltr' id='par_1_5' title="bbox 265 2881 277 2931">
     <span class='ocr_line' id='line_1_34' title="bbox 265 2881 277 2931; baseline 0 0"><span class='ocrx_word' id='word_1_275' title='bbox 265 2881 277 2931; x_wconf 84' lang='lat'>1</span> 
     </span>
    </p>
   </div>
   <div class='ocr_carea' id='block_1_5' title="bbox 197 3277 1103 3425">
    <p class='ocr_par' dir='ltr' id='par_1_6' title="bbox 197 3277 1103 3425">
     <span class='ocr_line' id='line_1_35' title="bbox 198 3277 1103 3358; baseline -0.012 -14"><span class='ocrx_word' id='word_1_276' title='bbox 198 3285 363 3346; x_wconf 81' lang='lat' dir='ltr'><strong>mirabiliter</strong></span> <span class='ocrx_word' id='word_1_277' title='bbox 390 3284 459 3342; x_wconf 82' lang='lat' dir='ltr'><strong>feeit</strong></span> <span class='ocrx_word' id='word_1_278' title='bbox 480 3285 567 3353; x_wconf 80' lang='lat' dir='ltr'><strong>eorda</strong></span> <span class='ocrx_word' id='word_1_279' title='bbox 607 3285 785 3358; x_wconf 84' lang='lat' dir='ltr'><strong>rophetarum</strong></span> <span class='ocrx_word' id='word_1_280' title='bbox 801 3286 830 3337; x_wconf 92' lang='lat' dir='ltr'><strong>et</strong></span> <span class='ocrx_word' id='word_1_281' title='bbox 847 3296 864 3335; x_wconf 87' lang='lat' dir='ltr'><strong>a</strong></span> <span class='ocrx_word' id='word_1_282' title='bbox 883 3277 1033 3334; x_wconf 88' lang='lat' dir='ltr'><strong>ostolorum</strong></span> <span class='ocrx_word' id='word_1_283' title='bbox 1050 3295 1103 3335; x_wconf 88' lang='lat' dir='ltr'><strong>nee</strong></span> 
     </span>
     <span class='ocr_line' id='line_1_36' title="bbox 197 3303 1102 3425; baseline -0.009 -14"><span class='ocrx_word' id='word_1_284' title='bbox 197 3347 255 3411; x_wconf 78' lang='lat' dir='ltr'><strong>non</strong></span> <span class='ocrx_word' id='word_1_285' title='bbox 281 3360 310 3412; x_wconf 91' lang='lat' dir='ltr'><strong>et</strong></span> <span class='ocrx_word' id='word_1_286' title='bbox 334 3353 569 3425; x_wconf 77' lang='lat' dir='ltr'><strong>evangelistarum</strong></span> <span class='ocrx_word' id='word_1_287' title='bbox 586 3303 727 3409; x_wconf 63' lang='lat' dir='ltr'><strong>ineunda</strong></span> <span class='ocrx_word' id='word_1_288' title='bbox 750 3349 866 3406; x_wconf 83' lang='lat' dir='ltr'><strong>saletam</strong></span> <span class='ocrx_word' id='word_1_289' title='bbox 885 3365 918 3406; x_wconf 87' lang='lat' dir='ltr'><strong>ns</strong></span> <span class='ocrx_word' id='word_1_290' title='bbox 936 3349 1102 3405; x_wconf 81' lang='lat' dir='ltr'><strong>seminibus:</strong></span> 
     </span>
    </p>
   </div>
   <div class='ocr_carea' id='block_1_6' title="bbox 902 3431 951 3504">
    <p class='ocr_par' dir='ltr' id='par_1_7' title="bbox 902 3431 951 3504">
     <span class='ocr_line' id='line_1_37' title="bbox 902 3431 951 3504; baseline 0 -37"><span class='ocrx_word' id='word_1_291' title='bbox 902 3431 951 3504; x_wconf 51' lang='lat' dir='ltr'><strong>„r</strong></span> 
     </span>
    </p>
   </div>
   <div class='ocr_carea' id='block_1_7' title="bbox 0 0 1336 3806">
    <p class='ocr_par' dir='ltr' id='par_1_8' title="bbox 0 0 1336 3806">
     <span class='ocr_line' id='line_1_38' title="bbox 0 0 1336 3806; baseline 0 0"><span class='ocrx_word' id='word_1_292' title='bbox 0 0 1336 3806; x_wconf 95' lang='lat' dir='ltr'><strong> </strong></span> 
     </span>
    </p>
   </div>
  </div>
 </body>
</html>
