2636 3806
374 303 450 362 CUR
467 248 569 362 i)EUS
585 302 705 358 HOMO.
738 302 762 358 1.
782 307 824 360 23.
842 307 885 360 24.
1041 303 1083 370 47

177 475 282 544 reddit,
303 492 367 531 vere
386 473 506 532 iniusta
525 479 575 529 est.
611 473 641 530 Si
657 490 722 528 vero
740 490 797 528 non
813 477 922 542 potest,
947 471 1085 543 quomodo

177 561 296 616 iniustus
320 560 381 616 eat?
416 561 488 614 Ana.
522 558 651 615 Forsitan
673 559 697 614 ai
719 559 797 614 nulla
820 558 850 612 in
870 557 920 612 illo
939 563 982 612 eat
998 559 1119 629 impe-3

177 646 282 702 tentiae
307 661 404 713 eausa,
432 645 609 716 aliquatenus
635 644 759 701 excusari
785 650 885 715 potest.
925 643 981 700 Sed
1005 644 1029 697 ai
1055 643 1086 700 in

178 731 241 803 ipsa
256 730 420 802 impotentia
444 737 487 786 eet
505 731 603 802 eulpa:
633 731 705 785 siout
730 747 786 785 non
810 729 915 801 levigat
931 735 1087 799 peecatum,

178 816 219 872 ita
239 833 295 872 non
320 819 438 870 excusat
462 833 519 869 non
539 815 702 870 reddentem
723 814 856 878 debitum.
891 814 965 871 Nam
981 815 1005 870 si
1025 815 1087 886 quia
1104 820 1121 871 4

180 901 310 973 iniungat
333 901 449 971 aliquod
472 917 541 971 opus
565 917 645 955 servo
668 917 718 955 auo
744 907 772 956 et
795 900 950 972 praecipiat
971 901 1027 970 illi,
1051 917 1087 955 ne

181 986 294 1042 deiiciat
313 1003 342 1042 ae
360 986 390 1040 in
416 985 526 1042 foveam
544 1003 628 1058 quam
652 985 694 1040 illi
711 990 858 1054 monstrat,
869 990 888 1054 ¹)
907 987 982 1042 unde
999 987 1088 1042 nulla·

181 1080 262 1128 tenue
282 1073 357 1128 exire
376 1071 477 1143 poseit3
505 1075 532 1126 et
550 1089 645 1126 servus
665 1069 711 1124 ille
730 1074 909 1124 contemnens
926 1071 1088 1126 mandatum

182 1163 210 1212 et
235 1157 414 1213 monitionem
436 1157 540 1212 domini
563 1156 607 1211 aui
629 1161 727 1226 sponte
745 1171 775 1208 ae
793 1155 823 1209 in
842 1161 1091 1226 praemonstratam

181 1242 273 1298 mittat
297 1242 422 1310 foveam,
447 1246 479 1295 ut
503 1240 662 1295 nullatenus
683 1240 773 1310 possit
789 1240 945 1296 iniunctum
963 1260 1033 1313 opus
1049 1243 1090 1298 ef-

180 1327 277 1384 iioerea
304 1332 424 1398 putasne
448 1325 491 1380 illi
518 1325 695 1396 aliquatenus
723 1325 916 1394 impotentiam
942 1327 1025 1382 iatam
1051 1328 1089 1384 ad

181 1415 385 1468 exeusationem
412 1412 522 1481 vadere,
554 1427 604 1466 our
635 1429 704 1482 opus
727 1410 882 1466 iniunctum
905 1429 962 1467 non
984 1413 1089 1468 faeiat?

182 1501 251 1555 Bon.
285 1498 369 1555 Nullo
396 1497 491 1566 modo,
517 1496 568 1551 aad
595 1497 633 1552 ad
658 1502 839 1566 augmentum
864 1495 961 1566 potius
981 1498 1124 1567 oudpaab

183 1584 314 1654 quoniam
336 1584 397 1654 ipse
421 1582 614 1654 impotentiam
636 1582 714 1636 illam
738 1580 792 1637 sibi
816 1581 893 1636 feeit.
934 1581 1093 1652 Duplioiter

183 1684 303 1739 namque
328 1669 470 1739 peccavit,
498 1669 564 1740 quia
587 1672 615 1724 et
640 1667 715 1740 quod
742 1667 833 1723 iussus
860 1672 903 1722 est
923 1665 1018 1723 faeere
1035 1685 1091 1726 non

182 1752 258 1820 iecit,
278 1758 307 1808 et
324 1754 400 1824 quod
417 1762 599 1826 praeceptum
620 1743 663 1810 est
682 1771 718 1810 ne
733 1751 840 1808 faceret
851 1751 927 1813 feeit
957 1755 1028 1808 Aa.
1048 1754 1093 1810 Ita
1110 1759 1126 1810 6

184 1835 282 1905 homo,
305 1836 354 1906 qni
377 1854 407 1892 ae
427 1846 526 1910 sponte
545 1840 682 1912 obligavit
706 1837 755 1896 illo
782 1838 877 1894 debito
894 1839 970 1909 quod
987 1840 1094 1896 solvere

185 1939 241 1988 non
258 1927 360 1992 potest,
377 1929 405 1979 et
422 1942 473 1980 aua
490 1925 575 1996 culpa
593 1925 696 1982 deiecit
713 1942 744 1980 ae
761 1923 791 1983 iu
802 1924 875 1980 hana
892 1923 1093 1995 impotentiam,

185 2012 217 2060 nt
235 2022 287 2060 nee
304 2006 374 2062 illud
389 2010 478 2079 possit
497 2011 604 2066 solvere
622 2011 699 2081 quod
717 2009 841 2066 debebat
858 2015 923 2064 ante
939 2007 1094 2081 peceatum,

185 2091 216 2146 id
233 2097 284 2160 eat,
301 2109 337 2147 ne
355 2101 498 2164 peccaret,
514 2112 566 2150 nee
584 2095 636 2150 hoo
654 2097 731 2166 qnod
747 2096 844 2164 debet,
867 2094 935 2166 quia
952 2097 1094 2166 peccavit:

75 2195 77 2200 ·
185 2176 382 2234 inexcusabilis
411 2184 461 2234 eat.
505 2177 572 2249 Ipsa
599 2195 720 2251 namque
747 2179 911 2250 impotentia
937 2179 1023 2252 oadpa
1044 2182 1128 2251 eati

187 2263 254 2335 quia
277 2281 334 2318 uon
356 2261 440 2318 debet
461 2279 523 2318 eam
548 2262 666 2334 habere,
691 2265 746 2322 imo
773 2264 857 2320 debet
881 2281 943 2322 eam
969 2283 1025 2322 uon
1046 2267 1096 2324 ha·

187 2348 270 2420 bere3
305 2366 371 2406 uam
401 2347 475 2404 siout
503 2347 588 2418 eulpa
616 2355 659 2404 eat
687 2364 744 2405 non
773 2347 878 2406 habere
908 2353 983 2424 quod
1013 2352 1097 2410 debet

186 2433 304 2505 babere,
329 2435 370 2490 ita
396 2434 482 2504 eulpa
508 2439 550 2488 eat
571 2431 676 2490 habere
703 2435 779 2506 quod
804 2435 888 2492 debet
913 2456 970 2498 non
984 2438 1095 2496 habere.

188 2519 267 2576 Siout
297 2538 364 2592 ergo
392 2519 477 2591 eulpa
506 2523 548 2576 est
576 2517 680 2574 homini
710 2536 767 2576 non
796 2519 901 2578 babere
930 2525 1129 2593 potestatemss

188 2604 279 2676 illam,
309 2623 393 2678 quam
423 2603 532 2675 aceepit
560 2610 592 2658 nt
618 2609 714 2674 posset
739 2622 837 2663 navare
862 2613 1024 2677 peceatum,
1055 2608 1096 2664 sie

189 2691 273 2763 eulpa
296 2699 340 2747 est
360 2690 402 2746 illi
425 2690 529 2748 babere
555 2690 760 2761 impotentiam,
793 2708 851 2762 qua
883 2708 935 2748 neo
962 2691 1097 2750 iustitiam

189 2782 284 2834 tenere
300 2782 329 2831 et
347 2782 496 2847 peceatum
513 2791 625 2845 cavere,
643 2792 697 2832 nee
717 2776 792 2847 quod
811 2792 862 2846 pro
879 2783 996 2848 peceato
1014 2778 1097 2836 debat

190 2859 307 2928 neddere
334 2866 435 2932 petest
483 2859 589 2930 Sponte
614 2874 736 2930 namque
763 2858 844 2929 feeit,
876 2863 951 2920 unde
975 2863 1131 2935 perdidita

190 2941 268 3001 illam
285 2950 453 3014 potestatem
471 2952 500 3002 et
518 2943 631 3000 devenit
650 2943 681 2997 in
697 2943 771 3000 hane
788 2943 986 3017 impotentiam.
1016 2947 1096 3004 Idam

192 3026 267 3084 onim
289 3032 347 3096 eat,
375 3046 432 3085 non
453 3028 558 3087 babere
582 3033 748 3098 potestatem
771 3047 855 3102 quam
880 3032 963 3088 debet
986 3031 1097 3102 habeta

193 3117 223 3166 at
245 3109 349 3166 habere
371 3111 562 3185 impotentiam
587 3129 672 3185 quam
697 3113 783 3172 debet
805 3133 862 3172 non
878 3116 989 3172 babere.
1024 3114 1098 3182 Qua
1117 3125 1149 3180 1⁰

193 3201 308 3268 propter
336 3195 500 3268 impotentia
529 3197 665 3258 reddendi
691 3197 755 3256 Deo
786 3199 862 3271 quod
894 3199 991 3270 debet,
1026 3215 1099 3272 quaa

266 3351 290 3420 ι)
309 3357 446 3406 mamare
462 3349 570 3408 naec
588 3350 672 3407 nna
689 3382 724 3394 -
741 3329 924 3422 demonstran
