2636 3806
359 315 437 373 cmi
455 313 556 374 Duos
573 313 692 372 HOMO.
726 311 764 369 H.
785 317 861 370 3-5.
1028 310 1071 380 55

164 490 280 556 propter
297 501 327 542 se
342 485 435 542 boore
453 501 536 556 quam
552 491 667 557 propter
684 483 754 540 nos?
789 485 830 538 At
838 484 864 538 si
873 483 914 538 ita
924 487 976 552 est,
987 496 1072 554 quam

164 571 284 643 gratiam
311 571 353 626 illi
381 571 515 628 debemus
545 587 597 642 pro
627 588 660 627 eo
687 571 763 642 quod
788 569 857 624 facit
879 571 993 640 propter
1021 564 1071 622 se?

164 656 308 722 Quomodo
341 657 426 712 etiam
461 663 585 714 nostram
619 655 819 728 imputabimus
857 651 975 708 salutem
1012 649 1072 704 eius

164 741 283 813 gratiae,
306 741 399 797 sinos
416 743 507 798 salvat
523 740 708 798 necessitato?
743 742 815 796 Aoo.
850 739 903 794 Est
919 735 1106 792 necessitusa

164 842 236 898 quae
254 825 440 884 benefacienti
462 827 582 899 gretiam
606 826 698 882 aufert
713 832 764 882 aut
779 824 893 894 minut,
919 828 947 879 et
966 826 1073 877 estne

164 910 280 968 cessitas
301 929 358 982 qua
379 913 467 968 maior
485 911 621 970 beneficio
642 910 734 984 gratis
753 910 878 967 debetuu
906 907 978 964 Cum
997 905 1072 963 enim

164 996 265 1069 uliquis
297 1014 331 1054 ea
355 999 520 1055 necessitate
547 998 594 1054 cui
622 996 750 1052 subiacet
776 995 894 1064 invitm,
921 991 1070 1060 benefacit,

164 1087 214 1138 unt
229 1082 309 1137 nulla
330 1089 381 1138 aut
398 1083 487 1139 minor
502 1084 553 1138 illa
569 1082 660 1154 mutia
677 1081 802 1138 debetur.
838 1079 909 1136 Cum
926 1095 991 1134 vero
1010 1075 1105 1148 ipset

164 1182 196 1220 se
211 1171 311 1238 sponte
331 1167 490 1224 necessitati
507 1166 701 1224 benefaciendi
716 1164 813 1222 subdit
830 1182 883 1220 neo
894 1164 997 1220 invitus
1008 1179 1071 1218 eom

164 1251 290 1322 sustinet,
309 1258 376 1308 tuno
393 1253 490 1324 utique
507 1251 636 1308 beneficii
653 1252 772 1324 gretiam
789 1255 911 1306 meretur
930 1249 1070 1306 maiorem.

163 1337 228 1396 Non
244 1337 318 1393 enim
336 1338 408 1393 haec
425 1342 468 1392 est
488 1335 607 1392 dicenda
630 1337 782 1392 necessitas
806 1335 856 1391 sed
879 1335 982 1408 gratim
1006 1333 1073 1404 qnia

163 1423 241 1480 nullo
259 1431 377 1496 cogente
394 1421 472 1476 iliam
489 1422 614 1494 suscepit
630 1429 680 1478 aut
694 1427 788 1478 servat
807 1422 857 1477 sed
876 1421 972 1492 gratis.
998 1417 1072 1472 Nam
1083 1428 1114 1488 5Ξ

163 1509 279 1581 siquod
297 1508 380 1566 hodie
402 1512 500 1578 sponte
525 1507 663 1578 promittis
684 1514 713 1562 to
732 1523 793 1562 oras
809 1507 952 1573 daturum,
976 1504 1074 1559 eudem

163 1609 224 1650 oras
241 1595 385 1652 voluntate
402 1592 467 1664 dus3
492 1593 619 1664 quamvis
639 1609 754 1648 necesse
775 1592 813 1646 sit
829 1598 858 1648 te
875 1607 936 1648 oras
956 1589 1074 1645 reddere

163 1680 330 1748 promissum
348 1681 374 1736 si
391 1684 484 1751 potes,
510 1682 560 1734 aut
577 1677 702 1749 mentiri,
726 1695 782 1733 non
799 1684 893 1734 tumen
909 1676 1002 1732 minus
1020 1675 1075 1732 tibi

165 1761 249 1818 debet
266 1757 315 1820 ille
334 1781 385 1836 pro
403 1765 529 1836 impenso
552 1763 688 1820 beneficio
712 1763 759 1820 cui
783 1763 848 1832 dus,
873 1779 958 1835 quum
975 1762 1000 1818 si
1017 1778 1075 1818 non

164 1843 344 1916 promisisses,
371 1850 501 1918 quoniam
522 1853 551 1906 te
573 1849 727 1906 debitorem
744 1856 809 1906 anto
825 1856 935 1921 tempus
955 1848 1075 1904 dationis

165 1927 208 1984 illi
223 1929 317 1986 iacere
335 1948 392 1988 non
414 1950 444 1990 es
469 1941 591 1990 coaetus.
626 1935 697 1992 Tale
718 1942 774 2006 est,
800 1952 864 1992 cum
880 1933 944 2005 quis
960 1935 1107 1995 amomo

165 2015 381 2072 conversationis
403 2027 502 2092 sponte
526 2025 610 2076 vovet
632 2021 811 2092 propositum
847 2018 980 2085 Quamvis
997 2035 1075 2074 nam·

166 2117 221 2174 que
238 2117 348 2156 semare
365 2103 436 2158 illud
456 2122 489 2160 ex
510 2103 677 2160 necessitato
697 2110 762 2176 post
784 2110 880 2160 votum
901 2101 1017 2173 debeat,
1039 2120 1076 2160 no

165 2193 312 2258 apostatas
330 2188 536 2245 damnationem
555 2191 686 2260 incurret,
705 2195 733 2246 et
749 2189 815 2248 licet
831 2189 894 2261 cogi
911 2189 1001 2260 possit
1019 2206 1076 2245 sor·

164 2289 231 2328 vare
255 2272 279 2326 si
304 2271 388 2342 nolit,
414 2273 438 2328 si
461 2279 555 2330 tumen
580 2289 637 2329 non
661 2274 764 2328 invitm
789 2281 882 2330 servat
898 2275 973 2348 quod
989 2275 1076 2346 vovit,

164 2373 221 2413 non
238 2357 331 2414 minus
347 2358 397 2414 sed
420 2358 510 2430 magis
533 2365 632 2430 gratus
649 2364 693 2416 est
711 2360 788 2430 Deo,
813 2375 896 2430 quam
913 2360 938 2414 si
955 2377 1012 2416 non
1028 2377 1075 2418 vo-

164 2442 261 2513 visset;
285 2445 417 2516 quoniam
438 2459 494 2499 non
518 2443 607 2500 solum
626 2461 798 2500 communem
814 2444 901 2500 vitam
922 2446 973 2504 sed
990 2446 1074 2502 otiam

165 2528 225 2584 eius
241 2527 384 2584 licentiam
401 2527 456 2586 sibi
474 2533 588 2600 proptor
603 2529 697 2584 Deum
720 2529 887 2602 abnegavit3
908 2547 960 2586 neo
980 2537 1076 2587 sancte

165 2618 258 2670 vivere
275 2614 409 2670 dicendus
426 2619 469 2670 est
484 2614 663 2684 necessitate,
689 2614 738 2672 sed
756 2615 854 2669 eedem
872 2632 929 2690 qus
947 2615 1025 2671 vovit
1041 2615 1074 2669 li-

165 2697 281 2756 bertate.
311 2699 405 2766 Quare
421 2699 508 2776 multo
527 2699 618 2773 magis
635 2699 660 2754 si
675 2700 754 2756 Deus
771 2700 841 2755 facit
855 2699 960 2756 bonum
970 2699 1074 2756 homini
1091 2703 1106 2753 7

166 2783 242 2855 quod
266 2784 386 2856 incepit,
413 2783 480 2840 licet
509 2801 566 2840 non
591 2785 690 2840 deceat
715 2799 781 2840 eum
803 2799 821 2836 a
843 2783 917 2839 bono
943 2781 1073 2856 incoepto

167 2867 300 2939 deficere,
328 2877 417 2926 totum
445 2869 554 2941 gratiam
583 2867 717 2926 debemus
746 2868 897 2938 imputare,
929 2867 996 2939 quio
1021 2867 1073 2924 hoo

166 2958 281 3025 propter
317 2973 367 3010 nos
402 2971 459 3011 non
490 2959 604 3027 propter
639 2970 670 3008 se
701 2953 805 3008 nullius
840 2971 925 3026 egeus
959 2954 1108 3024 inceptus

166 3039 231 3096 Non
268 3039 341 3092 enim
383 3040 462 3098 illum
496 3040 591 3110 latuit,
634 3036 703 3110 quid
735 3039 818 3097 homo
853 3039 978 3095 facturus
1015 3044 1076 3095 eret

166 3140 231 3180 oum
263 3123 343 3179 illum
375 3124 457 3195 fecit,
493 3129 523 3182 et
550 3131 644 3181 tumen
673 3123 800 3182 bonitate
827 3142 879 3180 sue
906 3123 986 3178 illum
1017 3140 1075 3180 ore·

166 3209 241 3265 ando
258 3215 357 3280 sponte
378 3227 422 3280 se,
442 3217 476 3266 nt
499 3210 644 3283 perficeret
665 3209 824 3282 incoeptum
848 3207 967 3280 bonum,
993 3210 1075 3282 quasi

166 3293 309 3367 obligavit.
374 3294 503 3368 Denique
546 3297 627 3354 Dens
673 3295 745 3351 nibil
790 3292 861 3350 facit
899 3296 1108 3368 amoenitates

166 3379 233 3450 quia
272 3379 349 3436 nullo
390 3381 473 3437 modo
514 3382 623 3454 cogitio
665 3386 716 3438 sut
761 3379 924 3452 prohibetur
967 3380 1075 3454 aliquid
