2636 3806
376 323 455 382 oua
472 323 574 382 nnus
592 323 710 384 nouo.
745 327 768 384 1.
788 335 867 385 s-e
1053 321 1073 395 t

168 493 247 549 illam
264 493 437 566 alimmum,
456 509 540 566 quam
558 495 705 551 habituros
725 501 793 567 erat,
811 497 1076 569 sinonpseeasset3

168 595 233 634 oum
250 578 321 652 ipse,
346 579 394 651 qui
418 597 475 636 non
501 581 556 635 nisi
573 581 628 636 Dei
651 591 746 638 sersus
766 589 795 638 et
821 582 944 655 aequalis
965 577 1095 656 angelis

167 661 248 719 bonis
273 682 324 736 per
349 666 443 720 omnia
467 665 577 721 fumum
604 673 677 736 erat,
704 683 799 723 servus
821 676 896 724 esset
923 669 997 738 eius,
1025 669 1074 740 qni

168 749 246 804 Deus
264 767 320 804 non
339 756 421 820 esset,
439 757 468 806 et
485 752 564 806 euius
584 752 677 824 angeli
697 753 770 808 servi
787 769 844 808 non
856 757 960 810 essent

244 884 287 989 d.
338 921 408 974 nos.
443 921 505 978 noe
523 929 579 992 est,
597 923 672 995 quoe
690 923 772 979 vous
789 923 937 991 manua
955 921 1022 994 qna
1040 921 1073 976 u·
1093 927 1105 977 1

133 1053 134 1059 ,
167 1003 338 1060 berationem
355 1003 428 1063 hane
443 1007 642 1064 redemtionem
657 1024 796 1064 vocamus.
828 1009 863 1064 In
875 1025 932 1081 qua
943 1021 1072 1078 namque,

167 1089 247 1152 aiunt
267 1089 362 1159 nobis,
387 1091 516 1163 captione
540 1099 589 1148 aut
612 1094 646 1147 in*
666 1109 722 1166 qno
745 1109 856 1150 earcere
880 1099 928 1149 aut
944 1092 974 1147 in
994 1091 1073 1148 onius

167 1179 305 1246 potestate
321 1175 497 1247 tenebamini,
516 1178 591 1233 unde
608 1194 658 1232 vos
678 1178 756 1234 Deus
772 1195 828 1234 non
840 1179 934 1251 potuit
943 1177 1072 1246 liberare,

167 1260 221 1314 nisi
238 1277 287 1316 vos
305 1268 348 1317 tot
365 1261 508 1318 laboribus
531 1270 559 1320 et
576 1264 612 1318 ad
628 1263 759 1318 ultimum
779 1281 829 1319 sno
846 1263 982 1336 sangnine
1000 1262 1072 1318 redi·

167 1346 278 1402 mereti
313 1345 419 1413 Quibus
449 1363 512 1402 oum
538 1346 672 1404 dicimus:
702 1348 820 1404 redemit
845 1365 895 1404 nos
912 1363 930 1403 a
948 1347 1072 1420 pennatis
1089 1359 1116 1409 2'

168 1437 197 1488 et
212 1431 248 1486 ab
266 1433 309 1488 ira
325 1449 377 1489 sna
388 1438 416 1489 et
429 1433 464 1487 de
478 1432 587 1488 inferno
598 1440 627 1489 et
642 1433 677 1490 de
688 1439 826 1505 potestate
844 1433 957 1502 diaboli,
978 1449 1070 1505 quem,

168 1517 234 1590 quia
252 1535 303 1572 nos
320 1535 377 1574 non
395 1524 563 1590 poteramus,
581 1519 643 1590 ipse
659 1536 709 1592 pro
725 1518 805 1574 nobis
816 1517 893 1574 venit
902 1533 1073 1589 expugnare,

168 1609 196 1659 et
213 1604 331 1660 redemit
349 1602 430 1660 nobis
447 1621 565 1676 regnum
588 1605 742 1675 coelorum3
766 1612 794 1660 et
811 1604 878 1677 quia
894 1601 964 1658 haee
980 1603 1074 1658 omnia

167 1688 221 1745 hoe
241 1689 418 1759 modo-iecit,
439 1691 561 1746 ostendit
579 1696 714 1762 quantum
730 1707 781 1745 nos
800 1690 941 1762 diligerett
960 1704 1073 1760 respon-

169 1776 247 1831 dent:
274 1776 304 1832 si
322 1774 423 1846 dicitis,
448 1776 514 1848 quia
530 1776 608 1832 Deus
631 1776 701 1831 haee
725 1777 817 1831 omnia
842 1775 934 1831 faeere
949 1791 1006 1829 non
1023 1789 1072 1844 po·
1089 1777 1105 1828 3

167 1858 222 1913 tuit
240 1859 299 1915 solo
315 1859 401 1929 iussu,
421 1876 504 1931 quem
522 1866 624 1915 ennete
646 1860 768 1916 iubendo
782 1877 890 1918 creasse
910 1859 1009 1929 dicitis,
1030 1874 1071 1915 re·

167 1943 299 2015 pugnatis
327 1943 545 2015 vobismetipsis,
572 1945 639 2017 quia
665 1946 844 2018 impotentem
869 1947 948 2001 illum
971 1945 1072 2001 facitis.

167 2029 227 2084 Aut
250 2028 273 2082 si
298 2027 437 2097 fatemini,
467 2030 533 2101 quia
556 2031 661 2102 potnit,
688 2033 737 2086 sed
760 2049 816 2087 non
840 2031 929 2086 voluit
944 2031 998 2084 nisi
1018 2031 1105 2088 hoet

167 2113 264 2168 modo=
300 2112 437 2183 quomodo
475 2115 629 2186 sapientem
661 2116 740 2172 illum
775 2116 920 2171 ostendere
947 2115 1071 2188 potestis,

168 2215 251 2271 quem
268 2197 328 2252 sine
343 2195 402 2252 ulla
424 2199 531 2255 ratione
553 2205 611 2254 tam
633 2200 790 2256 indecentia
808 2200 881 2257 velle
897 2199 956 2272 pati
974 2200 1071 2256 asseri·¹

166 2284 222 2340 tis?
258 2282 359 2340 Omnia
381 2282 454 2337 enim
478 2283 549 2348 haee
572 2301 643 2356 quae
670 2285 820 2341 obtenditis
842 2285 872 2340 in
894 2285 953 2341 uns
975 2287 1104 2345 volun-5

166 2374 225 2424 tate
247 2366 417 2429 consistunt3
445 2366 487 2422 ira
514 2385 634 2439 namque
656 2369 710 2424 Dei
739 2387 795 2426 non
818 2378 861 2426 est
886 2371 963 2426 aliud
988 2389 1072 2444 quam

166 2454 294 2509 voluntas
324 2451 468 2524 puniendi.
510 2452 540 2510 Si
571 2471 637 2526 ergo
663 2473 719 2511 non
747 2457 807 2511 v'nlt
834 2457 932 2528 punire
955 2463 1105 2528 peccatos

164 2537 316 2609 hominum,
341 2537 413 2593 liber
428 2543 471 2593 est
486 2538 569 2594 homo
586 2557 603 2594 a
621 2540 744 2612 peccatis
761 2547 790 2597 et
805 2542 842 2596 ab
860 2542 903 2597 ira
920 2542 974 2597 Dei
992 2548 1021 2599 et
1035 2542 1072 2596 ab

167 2623 274 2679 inferno
292 2629 320 2679 et
338 2639 356 2678 a
372 2627 511 2695 potestate
534 2625 652 2696 diaboli,
678 2643 751 2698 quae
768 2627 860 2682 omnia
878 2633 990 2699 propter
1007 2643 1072 2698 pee-

167 2715 230 2764 oata
251 2709 369 2782 patitur3
395 2713 424 2764 et
447 2708 547 2781 recipit
570 2728 617 2781 ea,
640 2711 743 2783 quibus
764 2719 877 2783 propter
893 2713 991 2768 eadem
1006 2729 1072 2784 pee-

166 2801 231 2850 cata
246 2794 381 2865 privatin.
415 2793 488 2850 Nam
507 2795 536 2849 in
560 2797 639 2852 ouius
661 2801 802 2868 ‚potestate
823 2803 865 2852 est
881 2797 1004 2854 infernus
1022 2801 1103 2855 aut7
1186 2831 1191 2842 ·

167 2877 314 2935 diabolus?
340 2885 389 2935 aut
407 2879 486 2933 euius
505 2887 547 2936 est
564 2897 682 2954 regnum
698 2881 836 2937 coelorum
854 2883 908 2939 nisi
927 2884 1000 2954 eius,
1022 2881 1071 2956 qui

166 2961 234 3018 feeit
259 2965 370 3020 omnia?
406 2963 595 3038 Quaecunque
620 2967 715 3039 itaque
738 2967 843 3022 timetis
863 2976 912 3025 aut
931 2969 1070 3025 desidera·

165 3045 211 3114 tie,
238 3046 297 3100 eius
316 3049 454 3104 voluntati
481 3051 639 3122 subiacent,
664 3053 709 3108 cni
733 3053 803 3108 nihil
824 3055 950 3110 resistere
972 3057 1070 3124 potest

166 3130 341 3202 Quapropter
365 3132 389 3188 si
413 3135 565 3191 humanum
580 3154 669 3209 genus
687 3139 794 3195 salvare
813 3139 915 3206 noluit,
940 3137 994 3192 nisi
1014 3153 1069 3210 quo
1088 3141 1105 3192 8

166 3215 260 3270 dicitis
287 3218 412 3287 modost)
440 3236 504 3276 eum
531 3223 591 3278 sola
616 3224 760 3279 voluntate
787 3223 891 3295 potuit:
919 3228 952 3278 ut
976 3223 1070 3278 meins

237 3373 262 3436 ί)
282 3371 340 3424 nus
356 3377 494 3442 quomodo
511 3375 606 3430 divitia
623 3375 728 3430 Aabe
748 3375 770 3430 O
787 3373 825 3429 D.
