2636 3806
325 332 328 341 ‘
448 316 667 374 PRAEFATIO
686 316 874 376 animosis
1115 321 1146 360 ¹¹

184 489 311 558 illorum
333 488 375 556 de
389 495 523 557 satanae
538 489 670 557 fallacia
684 489 955 576 disputationibus
969 490 1147 558 involutam

184 576 327 660 mythice
351 582 483 642 exueret
503 575 614 642 forma
663 575 822 661 Accessit,
850 575 937 658 quod
965 581 1041 640 turno
1068 583 1145 642 tem·

207 661 272 727 oris
294 660 376 726 haee
399 661 515 726 eadem
542 661 584 726 de
614 661 738 728 ratione
766 660 896 727 divinae
918 661 1151 728 incarnationis

183 681 287 828 deque
307 745 434 812 interna
454 746 539 811 inter
560 753 693 811 mortem
713 745 833 818 Christi
851 745 1024 829 mundique
1045 747 1147 813 vitam

184 831 380 899 connexione
412 831 559 915 quaestio
590 832 760 896 multorum
788 830 932 896 fidelium
958 851 1023 896 non
1042 833 1146 898 solum

183 916 380 983 literatorum
404 923 437 982 et
465 916 652 982 olorinorum
673 915 732 982 sed
753 915 851 980 etiam
870 916 1092 982 illiteratorum
1113 923 1146 982 et

182 1000 336 1066 laicorum
363 1001 533 1086 occupavit
562 1001 695 1067 animos.
737 1001 842 1066 Fuere
866 1001 1067 1085 potissimum
1091 1002 1147 1085 qui

183 1084 380 1170 dubitarent,
410 1105 452 1151 an
480 1084 635 1152 redemtio
663 1085 733 1151 sola
761 1086 925 1152 voluntate
946 1087 1075 1152 iussuve
1099 1086 1145 1152 di-

183 1171 258 1236 vino
281 1177 343 1270 'aut
370 1191 429 1256 per
457 1171 555 1236 aliam
586 1190 683 1254 quam
712 1170 861 1270 pertDei
887 1191 1059 1270 personam
1073 1190 1146 1270 ‘seu

182 1255 1146 1425 ciclica„chalbctcalitactciarhtt

182 1427 273 1508 qnasi
305 1424 426 1490 fatuam
456 1425 603 1492 deridere
635 1445 674 1490 ac
705 1425 971 1492 contradictiones
1002 1425 1036 1491 in
1064 1425 1145 1490 chri·

181 1510 287 1576 stiana
313 1510 376 1576 fide
398 1510 511 1577 obvias
532 1517 721 1593 arroganter
741 1511 889 1576 ementiri
910 1512 1075 1576 solitorum
1096 1530 1144 1574 re-

181 1595 378 1679 darguendis
411 1604 444 1662 et
474 1595 660 1662 refellendis
689 1615 724 1662 se
753 1602 966 1679 agnoscerent
994 1596 1143 1680 impares.

180 1680 261 1748 Inde
279 1681 401 1746 iactum
427 1687 492 1764 est,
522 1689 558 1748 ut
586 1701 686 1765 saepe
708 1679 740 1746 S.
764 1680 909 1746 Anselmi
932 1680 967 1745 in
987 1680 1143 1746 similibus

182 1766 427 1850 cogitationibus
450 1765 548 1831 defixi
570 1765 775 1848 exquirerent
795 1766 963 1831 consilium
985 1767 1026 1832 ab
1042 1785 1144 1849 eoque

182 1851 279 1916 eximi
299 1852 334 1916 in
361 1850 476 1935 quibus
500 1850 674 1916 haeserunt
702 1852 743 1916 de
767 1850 950 1934 perdifficili
969 1850 1028 1916 illa
1048 1870 1144 1934 quae-

182 1935 283 2001 stione
315 1936 482 2020 scrupulos
514 1934 657 2002 studiose
690 1941 853 2021 peterent3
886 1956 946 2002 nec
974 1935 1144 2002 defuerunt

182 2019 237 2103 qui
263 2027 298 2085 ut
326 2020 716 2106 harumdisputationum
749 2036 905 2088 summam
939 2021 1144 2103 consignaret

179 2105 297 2190 literis,
339 2106 434 2170 enixe
477 2112 628 2189 rogarent
670 2105 746 2171 fidei
782 2105 946 2171 intellectu
982 2104 1143 2170 delectati.

138 2218 143 2222 ·
179 2191 271 2256 Haec
305 2191 415 2274 itaque
452 2191 558 2256 omnia
592 2188 750 2255 dederunt
786 2195 907 2264 nostro
935 2209 1032 2256 ansas
1071 2210 1143 2256 oon-

180 2275 309 2341 ficiendi
348 2281 519 2340 tractatum
551 2274 637 2358 „Cur
668 2274 758 2340 Deus
785 2272 909 2340 Homo“
944 2275 1142 2359 inscriptum,

181 2379 275 2444 quem
296 2380 337 2426 ne
357 2359 499 2426 differret
523 2359 685 2444 evulgare,
708 2360 791 2424 inter
805 2360 886 2425 alios
901 2360 1041 2425 maxime
1058 2361 1142 2426 Boso

178 2445 353 2512 Monachus
366 2442 392 2532 1)
415 2443 573 2528 flagitavit
593 2451 625 2510 et
646 2443 838 2530 impetravit.

250 2647 274 2712 1)
304 2644 376 2700 Cum
401 2661 456 2726 quo
484 2645 510 2701 S.
537 2645 687 2702 Anselmus
715 2647 770 2702 suit
794 2648 958 2702 coniunctus
988 2647 1142 2702 arctissimo

178 2713 352 2784 paternitatis
376 2715 528 2784 spiritualis
552 2717 671 2773 vinculo.
708 2716 764 2772 Cir.
784 2719 948 2770 Eodmema
965 2717 1009 2771 De
1027 2716 1095 2771 Vita
1114 2716 1142 2772 S.
1206 2734 1212 2753 r
1313 2737 1314 2788 3

175 2783 213 2836 A.
233 2789 256 2852 1,
277 2789 323 2838 12:
348 2813 399 2852 „-
411 2783 525 2854 quidam
543 2786 664 2840 Clericus
684 2791 777 2840 aetate
795 2786 911 2853 iuvenis,
929 2786 1003 2840 Boso
1022 2785 1140 2855 nomine,

179 2853 300 2906 Beccum
330 2851 407 2906 venit
441 2853 561 2909 Abbatis
594 2855 761 2926 colloquium
788 2862 927 2925 expetens.
970 2855 1039 2909 Erat
1069 2854 1143 2908 enirn

180 2920 255 2976 idem
272 2937 336 2976 acer
354 2921 467 2992 ingenio
489 2930 516 2978 et
535 2922 702 2994 quibusdam
719 2924 858 2995 perplexis
874 2924 1083 2996 quaestionibus
1101 2923 1142 2975 in-

176 2990 303 3044 volverat
329 2989 463 3059 animum,
488 3009 540 3046 nec
562 2993 683 3062 reperire
708 3009 875 3074 quemquam
900 2999 1010 3063 poterat
1026 2989 1075 3112 qni
1095 3005 1142 3044 eas

180 3057 234 3112 sibi
250 3060 287 3112 ad
305 3066 401 3114 votum
426 3061 572 3116 evolveret.
607 3061 737 3133 Loquens
765 3063 851 3134 igrtnr
876 3079 940 3117 cum
956 3062 1089 3113 Ansemo
1108 3074 1142 3112 ac

177 3126 264 3183 nodos
288 3128 314 3183 ei
334 3128 379 3182 sui
396 3129 486 3183 cordis
505 3130 684 3200 depromens,
708 3133 801 3185 omnia
818 3147 890 3200 quae
911 3127 1087 3182 desiderabat
1105 3127 1141 3182 ab

178 3213 213 3251 eo
237 3196 297 3252 sine
323 3197 454 3267 scrupulo
481 3198 557 3253 disce
577 3199 689 3253 tationis
713 3199 830 3270 aceepit
865 3197 983 3251 Miratus
1009 3212 1076 3268 ergo
1093 3196 1141 3249 ho·

175 3265 280 3320 minem
306 3272 349 3320 est
372 3273 401 3321 et
423 3266 509 3320 nimio
534 3267 544 3320 i
568 3267 609 3321 'ns
633 3285 726 3324 amore
750 3268 904 3323 devinctus.
941 3265 1048 3320 Dehinc
1075 3281 1142 3334 ergo

181 3349 267 3405 quum
284 3335 344 3389 eins
362 3335 530 3391 allocutione
547 3335 721 3391 familiariter
737 3337 881 3408 potiretur,
900 3334 1009 3389 illectus
1027 3334 1064 3388 ad
1075 3345 1140 3388 eon·

177 3409 295 3457 temtum
314 3403 418 3458 saeculi
435 3420 547 3460 emenso
564 3404 642 3461 brevi
660 3406 759 3476 spatio,
776 3403 860 3459 Becci
878 3403 1032 3458 Monachus
1049 3401 1141 3456 factum
