2636 3806
247 276 290 342 26
424 273 451 330 S.
470 271 642 330 Ansam
657 271 966 334 mmeramme

246 442 375 508 honorio
405 443 503 514 nequit
532 442 654 513 aliquid,
688 449 823 515 qusntum
853 444 890 498 ad
919 444 999 499 illum
1024 446 1156 517 pertinet,

248 530 315 586 addi
334 531 379 586 vel
403 529 499 585 minui.
535 528 614 583 Idem
639 545 760 600 namque
782 529 842 599 ipse
868 529 922 585 sibi
944 529 1032 585 honor
1054 538 1097 586 est
1113 531 1157 586 in-

248 615 435 687 eonuptibilis
462 619 490 669 et
506 615 583 669 nullo
609 614 693 669 modo
715 613 867 668 mutabilis.
913 614 1018 671 Verum
1041 616 1156 687 quando

250 717 435 773 unaquaeque
454 704 581 756 ereatura
600 716 682 754 suum
704 705 732 754 et
750 699 830 770 quasi
846 698 900 754 sibi
915 707 1096 771 praeceptum
1113 719 1158 758 or·

250 788 343 842 dinem
368 785 428 840 sive
454 784 618 839 naturaliter
644 784 703 838 sire
729 784 931 840 rationabiliter
957 793 1065 856 servat,
1094 787 1157 843 Deo

198 895 208 910 ⁴
251 872 365 928 obedire
392 875 420 924 et
448 886 512 924 enm
538 868 640 924 dieitur
665 869 817 938 honoram
846 876 875 924 et
893 870 952 925 boe
974 873 1091 927 marimo
1112 889 1158 927 ra-

249 956 360 1012 tionalis
382 961 497 1023 natura,
525 955 572 1010 eui
595 956 692 1009 datum
716 960 759 1010 est
781 955 937 1026 intelligere
960 956 1029 1026 quid
1048 956 1158 1011 debeat

216 1042 330 1107 thae
354 1045 417 1095 euin
443 1041 503 1094 vult
528 1041 604 1111 quod
626 1039 723 1109 debet,
749 1039 841 1096 Deum
858 1041 988 1110 honorat3
1016 1041 1158 1112 nunquia

249 1127 292 1182 illi
310 1127 417 1198 aliquid
435 1125 555 1194 confert,
579 1124 629 1180 sed
646 1125 713 1196 quia
732 1131 830 1196 sponte
847 1144 877 1182 se
896 1126 956 1182 eius
972 1126 1110 1181 voluntati
1125 1132 1157 1182 et

249 1212 425 1284 dispositioni
455 1210 551 1266 subdit
585 1217 613 1266 et
642 1211 672 1266 in
701 1228 793 1266 rerum
823 1212 1004 1266 universitate
1030 1211 1157 1267 ordinem

248 1315 330 1354 sunm
347 1303 374 1353 et
393 1297 515 1352 eiusdem
539 1296 729 1353 universitatis
745 1297 993 1368 pulchritudinem,
1021 1302 1158 1367 quantum

215 1384 279 1442 tin
305 1385 368 1454 ipsa
394 1388 450 1452 est,
479 1388 577 1438 servat
614 1381 684 1438 Cum
711 1401 776 1439 vero
805 1399 861 1438 non
883 1383 945 1436 vult
969 1382 1044 1452 quod
1064 1381 1157 1452 debet,

248 1469 348 1538 Deum,
378 1475 512 1540 quantum
530 1467 566 1522 ad
590 1467 680 1538 ipsam
689 1471 711 1537 ²)
740 1469 874 1539 pertinet,
902 1465 1060 1536 inhonorat,
1087 1483 1158 1538 qno·

246 1555 322 1610 niem
343 1572 400 1610 non
421 1553 517 1610 subdit
542 1570 572 1607 ae
596 1561 694 1624 sponte
724 1552 798 1607 illius
825 1551 1015 1622 dispositioni;
1042 1559 1070 1608 at
1095 1553 1158 1607 uni·

246 1641 387 1697 versitatis
406 1639 530 1696 ordinem
551 1646 580 1693 et
596 1629 839 1709 pulchritudinem,
852 1645 987 1711 qnantum
1006 1637 1036 1693 in
1055 1656 1085 1694 se
1104 1645 1155 1709 est,

247 1725 407 1796 perturbat,
429 1725 495 1788 lieet
516 1728 683 1793 potestatem
707 1731 756 1780 aut
778 1725 942 1796 dignitatem
960 1721 1014 1780 Dei
1038 1724 1155 1780 nullate·

215 1809 302 1866 5nns
327 1811 422 1866 laedat
445 1815 494 1864 ent
519 1808 665 1865 decoloret
701 1809 732 1865 si
756 1809 829 1866 enim
850 1825 883 1865 eu
906 1825 979 1880 qnae
1005 1810 1077 1865 eoeli
1098 1827 1158 1866 am·

247 1897 309 1952 bitu
329 1895 513 1963 eontinentur,
530 1893 635 1950 vellent
652 1911 709 1949 non
726 1912 786 1950 esse
804 1894 856 1949 sub
876 1894 953 1948 coelo
964 1899 1013 1948 aut
1030 1893 1156 1966 elongari

247 1982 371 2053 aceolo,
393 1981 551 2036 nullatenus
569 1987 685 2051 possent
701 1979 756 2033 nisi
773 1977 824 2034 sub
844 1978 930 2040 coelo,
942 1995 1018 2048 esse,
1042 1997 1095 2035 nse
1111 1981 1156 2036 su-

215 2065 313 2140 bgere
331 2067 438 2122 eoelum
466 2065 519 2119 nisi
543 2063 793 2136 appropinquando
819 2063 905 2118 coelo.
940 2063 1013 2120 Nam
1035 2071 1064 2120 et
1080 2066 1155 2121 unde

248 2158 278 2208 et
295 2168 350 2222 quo
369 2158 397 2205 et
414 2167 471 2221 qua
488 2151 575 2221 irent,
595 2151 647 2206 sub
664 2149 741 2204 eoelo
761 2154 869 2217 essent3
887 2155 916 2204 et
935 2155 1039 2220 quanto
1063 2150 1155 2222 magia

247 2253 266 2291 a
302 2235 427 2306 qualibet
460 2241 540 2306 parte
582 2235 653 2290 eoeli
694 2235 905 2306 elongarentur,
947 2239 1026 2290 tanto
1062 2236 1153 2307 magis
1253 2287 1255 2290 ,

215 2329 229 2378 t
248 2321 394 2392 oppositae
412 2321 486 2390 parti
504 2321 768 2393 appropinquarent.
803 2320 848 2376 Ita
865 2320 992 2391 quamvis
1008 2320 1091 2376 bomo
1110 2321 1156 2376 vel

247 2406 336 2460 malus
364 2407 482 2476 angelus
514 2405 625 2462 divinae
655 2406 800 2462 voluntati
820 2412 847 2462 et
871 2403 1038 2460 ordinationi
1063 2405 1156 2462 subia-

248 2507 310 2546 cere
333 2491 416 2560 nolit,
441 2506 497 2544 non
519 2496 613 2546 tamen
637 2508 698 2547 earn
720 2492 819 2563 fugere
844 2491 934 2558 valet3
960 2488 1027 2560 qnia
1052 2491 1077 2544 si
1095 2491 1157 2545 vult

247 2575 345 2648 fugere
363 2575 398 2630 de
415 2574 467 2630 snb
484 2575 628 2631 voluntate
652 2576 778 2642 iubente,
807 2576 894 2636 currit
912 2575 965 2630 snb
982 2573 1156 2630 voluntatem

215 2662 416 2732 Spunientem
451 2659 534 2715 Etsi
559 2661 684 2731 quaeris,
714 2678 769 2732 qua
791 2660 911 2716 mansit?
939 2677 996 2716 non
1021 2661 1077 2716 nisi
1102 2660 1155 2718 sub

247 2747 389 2803 voluntate
405 2746 599 2819 permittente3
621 2746 718 2802 ethos
737 2748 836 2817 ipsum,
857 2745 932 2818 quod
949 2763 1077 2817 perverse
1094 2747 1156 2802 vult

247 2831 389 2902 satagit,
414 2832 444 2886 in
466 2832 655 2887 universitatis
678 2829 822 2904 praefatae
848 2830 972 2886 ordinem
990 2838 1019 2887 et
1035 2831 1156 2902 pulchri·

215 2917 374 2980 titudinem
398 2934 505 2971 summa
533 2917 670 2989 sapientia
693 2917 836 2974 convertit.
872 2916 938 2986 Ipsa
961 2933 1082 2987 namque
1104 2934 1155 2988 per

319 3131 343 3197 1)
361 3129 417 3184 Cir.
436 3131 528 3184 Haste
549 3129 627 3186 Tom.
645 3131 683 3188 11.
677 3145 769 3253 ,ὣς
791 3133 858 3185 ste:
885 3129 969 3199 „Ans
987 3127 1155 3186 untersehei-

248 3197 297 3253 det
317 3131 441 3253 deutlich
461 3199 522 3256 eine
544 3201 675 3298 doppelte
735 3217 765 3254 re
786 3169 899 3254 Gottea’i
923 3197 968 3254 die
991 3199 1164 3252 inmerente«

247 3267 307 3321 und
324 3266 369 3322 die
386 3269 571 3323 transeuntef‘

293 3338 344 3403 2)
363 3337 405 3390 ad
420 3337 502 3392 illem
519 3337 626 3392 Λα·-
644 3338 686 3390 ad
702 3335 785 3390 illam
804 3333 894 3393 Aba.
