2636 3806
236 268 280 335 54
417 265 445 324 S.
463 263 635 330 anemii
650 261 963 327 carmeniensis

112 485 117 492 ι
205 469 218 519 1
260 485 263 488 ·
316 436 357 522 3·
408 453 494 526 Ans(
513 468 598 526 Unde
617 473 715 540 operte
731 467 900 540 quandoque
916 468 1013 524 futura
1029 475 1150 525 mortuo·

237 571 300 610 rum
328 553 495 612 resurrectio
529 553 671 622 probatur.
718 552 831 624 Quippe
855 553 881 608 si
913 554 995 610 homo
1025 554 1150 625 perfecta

238 640 436 696 restaurandus
454 644 503 707 est,
520 636 586 693 talis
608 637 692 694 debet
712 637 830 709 restitui,
850 639 940 710 quslis
958 637 1069 694 futurus
1081 643 1149 707 erat,

204 725 263 780 2sl
285 741 342 780 non
365 727 518 795 peccasset.
554 725 623 778 Bos.
657 723 749 779 Aliter
777 739 838 779 esse
862 740 920 780 non
943 727 1044 795 potest
1079 725 1149 779 Ans.

238 809 480 876 Quemadmodum
495 807 582 879 igitur
600 809 626 863 si
641 825 698 863 nou
708 813 854 880 peccasset
866 808 957 879 homo,
976 825 1041 864 cum
1053 809 1152 866 eodem

240 897 316 969 quod
345 893 462 968 gerebat
492 909 609 964 corporo
635 893 666 948 in
695 892 985 964 incorruptibilitatem
1013 899 1151 948 transmu-

239 980 343 1036 tandus
362 984 435 1048 erat,
455 978 496 1033 ita
514 983 638 1050 oportet,
655 984 687 1033 ut
704 994 769 1033 cum
786 978 1002 1048 restaurabitur,
1020 995 1084 1034 cnm
1099 995 1151 1034 suo

206 1065 270 1122 3in
299 1081 355 1137 quo
387 1063 456 1119 vivit
484 1063 514 1118 in
543 1063 597 1119 hac
628 1063 689 1118 vita
709 1073 833 1136 'corpore
863 1068 1039 1140 restauretur.
1082 1067 1152 1119 Bos.

240 1151 316 1218 Quid
334 1147 580 1221 respondebimus,
605 1148 709 1219 siquis
729 1148 818 1215 dicat,
838 1147 905 1220 quia
924 1149 978 1204 hoc
995 1148 1056 1204 fieri
1072 1165 1152 1220 opor-

242 1242 284 1294 tet
302 1237 337 1291 de
357 1233 413 1290 illis
431 1233 581 1306 inquibus
600 1233 753 1289 humanum
771 1250 860 1306 genus
879 1233 1093 1304 restaurabitur,
1117 1235 1154 1290 de

207 1319 367 1393 sreprobis
385 1335 453 1376 vero
469 1335 526 1374 non
550 1323 593 1375 est
616 1319 750 1376 necasse?
784 1321 854 1376 Ans.
888 1318 965 1376 Nihil
982 1319 1082 1374 iustius
1103 1325 1154 1374 aut

222 1406 451 1463 'conuenientius
477 1404 656 1476 intelligitur,
681 1421 765 1476 quam
782 1412 827 1474 ut,
851 1403 925 1460 sicut
948 1404 1032 1459 homo
1048 1405 1072 1460 si
1090 1422 1153 1476 per·

240 1497 395 1548 severasset
417 1491 448 1548 in
470 1489 591 1560 iustitia,
613 1497 688 1546 totus
710 1490 728 1545 i.
748 1507 772 1546 e.
798 1489 892 1545 anima
915 1493 944 1544 et
969 1503 1084 1560 corpore
1107 1505 1153 1544 ae·

239 1583 319 1635 terne
335 1575 436 1634 beatus
454 1582 542 1648 osset3
564 1575 605 1631 its
627 1574 651 1629 si
674 1579 834 1645 perseverat
859 1574 889 1629 in
908 1573 1058 1646 iniustitia,
1076 1579 1152 1631 totus

240 1664 368 1720 similiter
389 1667 501 1719 aeterne
525 1660 609 1716 miser
635 1659 679 1715 sit
716 1659 785 1714 Bos.
819 1658 946 1716 Breviter
966 1659 1035 1715 mihi
1057 1661 1094 1718 de
1110 1661 1155 1716 bis

242 1746 410 1804 satisfecisb'.
1161 1749 1163 1754 “

211 1937 224 1990 1
323 1898 365 1988 ‘la
416 1932 488 1988 Ans.
522 1929 566 1986 Ex
589 1928 633 1986 his
652 1933 695 1985 est
711 1927 795 1985 facile
811 1945 993 2003 cognoscere,
1022 1933 1154 2006 quoniam

242 2023 293 2074 aut
308 2017 362 2075 hoc
382 2015 419 2074 de
434 2017 556 2072 humana
581 2020 682 2070 neuma
708 2015 834 2086 perficiet
851 2016 930 2073 Deus
949 2015 1025 2088 quod
1041 2017 1154 2090 incepit,

243 2110 293 2160 aut
310 2104 341 2160 in
362 2121 466 2160 vanum
488 2101 555 2157 feeit
576 2107 635 2158 tam
659 2099 806 2157 sublimem
830 2108 960 2158 naturam
983 2103 1020 2158 ad
1044 2108 1156 2160 tantum

209 2189 357 2245 tironum
391 2189 432 2244 At
454 2189 478 2244 si
501 2187 572 2242 nihil
593 2186 741 2258 pretiosius
769 2185 931 2258 agnoscitur
952 2187 1030 2243 Deus
1054 2189 1158 2246 iecisse

245 2289 329 2344 quam
346 2273 510 2330 rationalem
530 2279 659 2329 naturam
684 2272 721 2326 ad
744 2272 924 2344 gaudendum
949 2273 1048 2344 dese,
1072 2275 1157 2332 valde

244 2357 367 2414 ebenum
386 2364 430 2413 est
447 2359 483 2414 ab
509 2375 554 2428 eo,
580 2364 612 2415 ut
635 2358 723 2424 ullam
748 2357 913 2412 rationalem
930 2364 1059 2416 naturam
1077 2361 1158 2432 peni·

245 2449 291 2497 tus
308 2440 400 2512 perire
416 2441 498 2498 sinat.
533 2446 603 2500 Bos.
639 2444 703 2502 Non
719 2448 813 2512 potest
831 2442 912 2500 aliter
930 2450 1031 2514 putare
1046 2461 1096 2501 cor
1111 2463 1156 2500 ra-

211 2532 226 2584 3
244 2526 358 2585 tionals.
393 2527 463 2582 Assa
498 2525 619 2582 Necesse
642 2532 685 2581 est
705 2543 786 2598 ergo,
812 2533 846 2583 ut
862 2528 898 2583 de
916 2528 1038 2584 humana
1055 2536 1157 2586 natura

245 2612 373 2684 perficiat
391 2610 467 2682 quod
485 2610 605 2681 incepit,
632 2610 687 2666 hoc
709 2618 804 2666 autem
829 2610 903 2682 fieri,
928 2613 1002 2669 sicut
1027 2615 1155 2686 diximus,

225 2698 344 2767 ,nequit
360 2697 414 2753 nisi
439 2713 492 2768 per
514 2696 652 2768 integram
680 2697 790 2767 peceati
813 2696 1045 2771 redemtionem,
1071 2717 1156 2773 quam

212 2782 340 2842 trullus
362 2789 492 2852 peccator
514 2781 609 2838 iacere
632 2785 733 2853 potest.
769 2783 838 2837 Bos.
873 2781 1006 2857 Intelligo
1028 2787 1086 2842 iam
1108 2803 1161 2842 ne·v

245 2882 323 2927 cesse
347 2883 422 2937 esse,
450 2873 483 2924 ut
507 2867 586 2924 Deus
612 2865 741 2942 perficiat
766 2867 843 2940 quod
871 2867 988 2940 incepit,
1016 2886 1053 2925 ne
1075 2871 1159 2926 aliter

246 2967 332 3027 quam
350 2951 450 3012 deceat
464 2969 483 3009 a
501 2970 552 3009 suo
571 2953 700 3025 incoepto
716 2951 846 3010 videatur
863 2953 991 3012 deficere.

214 3159 226 3210 1
323 3124 365 3212 50
414 3149 488 3214 Bos,
520 3153 577 3212 Sed
594 3156 618 3211 si
638 3155 679 3212 ita
696 3163 746 3226 est,
771 3156 883 3214 videtur
900 3159 981 3230 quasi
998 3157 1061 3232 cogi
1078 3159 1156 3216 Deus

245 3240 414 3297 necessitate
442 3241 550 3304 vitandi
578 3241 780 3312 indecentiam,
816 3248 849 3300 ut
880 3243 998 3302 salutem
1026 3249 1160 3315 procuret

211 3323 404 3382 rhumsnum.
458 3325 603 3394 Quomodo
636 3343 703 3400 ergo
733 3329 832 3402 negari
858 3328 977 3400 poterit,
1010 3329 1075 3400 plus
1104 3328 1157 3386 hoc
