2636 3806
189 217 258 310 vea
397 243 426 300 s.
441 243 611 302 aronam
627 239 937 301 carrumrursrs

178 455 179 460 ι
216 412 291 468 enim
310 411 372 468 uult
386 413 464 469 Deus
482 417 514 468 ut
531 413 619 483 pluat,
637 412 740 468 iustum
758 417 801 467 est
819 413 957 483 utpluet3
975 419 1004 468 et
1020 413 1044 466 si
1057 413 1121 468 vult

218 502 250 550 ut
279 496 378 569 aliquis
407 499 490 554 homo
520 499 676 568 oooidatur,
708 499 811 552 iustum
840 505 883 554 est
911 504 947 552 at
970 497 1122 553 occidatur.

167 583 200 634 20
218 579 394 655 Quapropter
409 583 435 638 si
463 603 518 640 uon
539 585 620 640 deest
636 584 730 640 Deum
749 584 856 658 aliquid
882 583 983 640 iniusto
1010 587 1060 637 aut
1080 582 1122 636 in-

217 667 351 726 ordinate
373 669 480 740 faeere,
510 688 566 726 non
596 672 717 742 pertinet
738 671 785 726 sd·
801 671 860 726 eius
885 671 1043 727 libertatem
1072 677 1123 726 aut

218 751 419 825 benignitatem
444 760 500 810 eut
514 756 698 826 voluntatem,
727 763 901 826 peccantem,
930 757 979 828 qui
995 773 1052 812 nou
1069 757 1122 810 sol·

167 840 198 891 21
218 839 258 893 vit
275 840 336 915 Deo
355 841 431 911 quod
447 839 568 906 obstulit,
587 840 752 910 impunitum
764 841 908 897 dimittere.
935 843 1005 896 Bor.
1023 841 1123 896 Omnia

217 924 285 980 mihi
302 925 404 995 aufers,
422 942 495 997 quoe
512 925 646 996 putabam
662 924 715 980 tihi
732 943 813 996 posse
832 925 923 983 obiici.
959 927 1030 981 Arre.
1048 926 1122 982 Vide

173 1032 175 1037 ·
218 1009 319 1079 adhue,
336 1027 386 1066 our
402 1011 494 1066 Deum
514 1027 570 1064 non
588 1010 685 1070 deoeat
701 1011 753 1066 hoe
770 1012 881 1067 faeere?
916 1015 985 1067 Boe.
1020 1012 1124 1068 Liben-

219 1100 262 1148 ter
278 1096 405 1151 ausculto
419 1095 560 1168 quidquid
581 1094 659 1150 diois.
715 1147 716 1151 ,

85 1317 88 1321 ’
171 1299 200 1368 ,Ῑ
298 1285 366 1370 13.
413 1320 482 1374 Am.
498 1339 500 1344 ¹
517 1303 595 1375 Nihil
610 1317 700 1372 minus
724 1317 903 1390 tolerandum
921 1323 963 1372 est
982 1317 1012 1372 in
1029 1334 1122 1379 rerum

171 1453 173 1462 ,
220 1399 330 1472 ordine,
356 1400 443 1474 'quam
473 1410 506 1461 ut
536 1410 662 1458 ereatura
692 1401 810 1456 creatori
839 1401 964 1457 debitum
994 1403 1126 1458 honorem

219 1485 340 1557 auferat,
356 1495 396 1559 ¹et
421 1507 477 1545 non
502 1489 591 1562 solvat
617 1487 692 1558 quod
722 1487 819 1562 aufert.
866 1491 932 1543 Bos.
968 1488 1029 1543 Hoe
1055 1488 1126 1542 nihil

185 1573 330 1629 delariua⁴
364 1575 434 1628 Aur.
453 1574 531 1630 Nihil
551 1579 643 1627 autem
662 1571 789 1629 iniustius
806 1568 948 1642 toleratur,
968 1591 1126 1646 quamquo

221 1658 290 1712 nihil
313 1659 404 1730 miuus
430 1665 472 1714 est
498 1657 680 1713 tolerandum.
715 1658 784 1711 Boa.
811 1657 909 1728 Neque
935 1658 988 1714 hoo
1012 1666 1056 1739 est
1078 1653 1141 1716 ob·'

186 1746 341 1798 treunam.
377 1743 448 1800 Aoo.
479 1743 552 1801 Puto
570 1759 645 1813 ergo,
662 1740 729 1812 quia
748 1759 804 1797 non
822 1743 897 1800 diosa
916 1742 1007 1798 Deum
1026 1745 1128 1802 dehere
1197 1771 1199 1774 ·

221 1821 351 1895 tolerare,
389 1844 444 1899 quo
473 1827 543 1883 nihil
568 1817 702 1882 iniustius
732 1827 879 1904 toleratur,
909 1834 942 1885 ut
970 1817 1125 1898 ereetura1)

119 1955 120 1958 ,
222 1928 278 1967 uon
303 1912 406 1968 reddat
429 1911 490 1967 Deo
519 1910 595 1983 quod
621 1910 719 1966 aufert.
760 1915 841 1986 Bos„
862 1911 923 1968 Imo
945 1913 1056 1985 penitus
1080 1930 1128 1968 ne-

186 1997 205 2046 4
221 1998 345 2070 gaudum
357 1986 424 2054 ‘esse
441 1998 529 2053 video.
565 1999 635 2050 Aur.
652 1995 653 1998 ’
670 1994 740 2050 Item
765 1997 789 2074 si
806 1997 867 2052 Deo
884 1997 953 2052 nihil
971 1997 1060 2054 maius
1079 2004 1128 2053 aut

223 2085 321 2139 melius
340 2089 396 2156 est3
423 2084 493 2139 nihil
511 2073 619 2150 iustius,
639 2096 722 2158 quam
740 2098 812 2151 quae
830 2081 961 2136 honorem
979 2083 1054 2138 illius
1073 2102 1127 2140 ser·

223 2174 272 2223 vat
290 2169 320 2240 in
336 2187 427 2240 rerum
446 2169 641 2240 dispositione,
660 2183 767 2223 summa
783 2167 903 2236 iustitia,
923 2185 994 2238 quae
1012 2185 1068 2224 non
1086 2175 1128 2224 est

223 2254 300 2308 aliud
328 2271 411 2324 quam
437 2255 498 2325 ipse
520 2253 606 2309 Deus.
642 2252 710 2305 Bos.
744 2251 806 2316 Hoo
830 2268 940 2323 quoque
960 2253 1031 2308 nihil
1050 2273 1128 2326 aper·

190 2341 287 2394 ttius.
342 2325 410 2393 tina
451 2335 528 2399 Nihil
563 2355 629 2409 ergo
664 2342 756 2390 servat
792 2336 869 2394 Deus
908 2337 1007 2395 iustius
1044 2357 1128 2411 quam

223 2419 295 2478 suae
313 2415 457 2496 dignitatis
480 2423 619 2478 honorem.
653 2425 722 2477 Bos.
758 2422 917 2499 Concedere
942 2441 985 2478 me
1011 2413 1128 2495 oportet
1195 2477 1196 2480 ,

189 2511 206 2562 6
224 2511 292 2564 Aua.
328 2503 447 2566 Videtur
463 2508 524 2576 tibi,
549 2507 624 2577 quod
642 2523 704 2562 eum
725 2508 832 2579 integre
854 2513 958 2576 servet,
983 2507 1006 2562 si
1023 2509 1062 2562 sio
1081 2525 1128 2562 au-

224 2594 291 2650 ferri
316 2579 369 2663 sibi
396 2593 546 2666 permittit,
573 2597 605 2658 ut
627 2608 679 2646 neo
706 2593 828 2650 solvatur
850 2610 902 2652 neo
925 2592 986 2664 ipse
1003 2593 1128 2652 auferen-

190 2683 281 2735 'ttem
303 2679 421 2752 puniat?
462 2681 542 2746 Bor..
565 2677 629 2733 Non
654 2677 743 2732 audeo
766 2678 866 2744 dicere.¹
901 2678 973 2735 Ans.
1006 2677 1129 2734 Necesse

225 2752 279 2820 est¹
297 2765 379 2836 ergo,
414 2770 446 2819 ut
477 2769 526 2818 aut
555 2763 665 2819 ablatus
695 2761 783 2817 honor
810 2761 934 2817 soluatur
962 2769 1011 2818 aut
1037 2779 1129 2834 poena

225 2854 372 2921 sequutum
410 2848 534 2920 alioquin
556 2854 621 2904 ,aut
654 2847 707 2904 eibi
742 2847 796 2919 ipsi
831 2845 909 2902 Deus
944 2847 1033 2903 iustus
1072 2865 1129 2902 non

225 2935 278 2990 erit
307 2939 356 2988 aut
385 2935 422 2988 ud
448 2941 596 3008 utrumque
623 2923 759 3006 impotens
787 2933 854 2988 erit:
885 2933 960 3003 quod
983 2933 1071 2997 nefas
1087 2937 1130 2993 est

224 3021 269 3076 rel
295 3019 428 3091 cogitare.
475 3021 542 3074 Boo.
577 3017 654 3076 Nihil
682 3017 876 3075 rationabilius
904 3017 960 3072 diei
983 3035 1065 3089 posse
1089 3018 1130 3071 in·

178 3112 179 3116 ’
223 3105 329 3177 telligo.
420 3119 423 3122 ·
541 3112 543 3117 '
678 3105 679 3110 ’
835 3111 836 3122 ³

519 3236 649 3248 ..-.----

281 3279 325 3378 r>
348 3318 378 3363 o
395 3312 472 3380 quoa
489 3305 638 3380 omaro}
663 3305 691 3362 A
702 3305 772 3362 aue
790 3305 894 3362 non
909 3305 996 3362 omis.
1015 3302 1132 3374 ‚pauo
