2636 3806
361 291 563 354 suenrus
581 291 700 350 uene.
736 292 774 350 n.
793 257 818 351 r.
838 296 885 350 a·
1029 296 1071 363 53

165 463 277 530 amata)
308 463 410 520 Athos
421 464 476 522 nisi
487 465 561 522 iusta
574 465 666 522 faeere
677 467 782 536 nequit.
812 467 853 524 Ut
870 464 957 536 igitur
967 465 1104 522 frustrat

164 566 221 604 non
243 547 279 603 sit
294 550 451 620 rationalis,
471 551 554 606 simul
571 553 608 606 ad
624 552 677 608 hoe
693 552 836 616 rationalis
856 557 884 606 et
903 551 977 606 iusta
996 551 1072 609 faeta

163 639 214 690 est.
242 633 323 700 Quod
340 636 364 690 si
381 637 418 690 ad
435 655 574 708 summum
586 637 692 693 bonum
708 639 868 710 eligendum
882 642 910 692 et
921 637 1070 712 amandum

163 719 238 788 iusta
257 719 332 776 faeta
356 726 408 791 est,
432 728 483 776 aut
506 723 570 776 talis
587 723 624 778 ad
642 723 695 777 hoe
712 723 787 780 faeta
804 729 854 792 est,
870 728 902 776 ut
919 721 1070 792 aliquando

161 812 356 874 assequeretur
379 808 455 878 quod
476 815 583 866 amaret
602 815 630 864 et
658 808 786 880 eligeret,
809 814 938 866 autnon.
973 807 1029 878 Sed
1047 806 1105 868 ste

162 907 218 964 nen
236 891 273 944 ed
289 891 343 946 hoe
367 893 442 948 iusta
465 900 507 950 est
528 894 622 964 faeta,
646 901 678 949 ut
701 895 776 966 qued
793 895 834 952 sie
850 899 973 961 amat-et
991 893 1071 964 eligit

162 981 340 1047 assequatur,
364 977 468 1034 frustra
491 979 568 1034 taeta
589 986 631 1036 est
651 979 731 1049 talis,
753 986 786 1034 ut
803 980 844 1034 sie
857 979 933 1056 illud
951 982 1026 1046 amet
1042 984 1070 1033 et

161 1062 263 1134 eligat3
289 1080 340 1118 nee
359 1065 418 1120 ulla
438 1065 509 1119 ratio
526 1065 593 1135 erit,
611 1083 660 1122 eur
677 1065 886 1136 illudassequi‘
898 1064 1001 1120 debeat
1019 1063 1069 1122 ali·
1112 1091 1114 1108 τ

161 1149 281 1218 quando.
318 1149 457 1214 Quamdiu
484 1167 550 1222 ergo
578 1152 698 1207 amande
717 1158 750 1207 ‘et
775 1150 904 1222 eligendo
932 1149 1102 1210 summumst

163 1231 268 1300 bonum
286 1235 361 1290 iusta
379 1235 529 1304 faeietwad
548 1237 623 1306 quod
639 1237 716 1292 faeta
736 1244 785 1307 est,
801 1237 903 1292 misera
921 1235 986 1304 erit,
1004 1234 1070 1305 quia

161 1317 291 1388 indigens
315 1319 368 1374 erit
391 1325 487 1382 eontra
502 1322 685 1392 voluntatem,
707 1340 763 1377 non
779 1321 910 1378 habendo
926 1320 1005 1392 =quod
1022 1320 1069 1374 de

159 1401 278 1473 siderat;
313 1406 388 1476 quod
413 1406 494 1460 nimis
518 1407 670 1462 absurdum
694 1412 742 1461 est
785 1405 963 1478 Quapropter
986 1405 1103 1462 ratio-8

160 1488 232 1544 nalis
257 1496 357 1546 natura
379 1491 453 1547 iusta
479 1497 521 1554 est
544 1492 636 1562 faeta,
662 1498 694 1547 ut
711 1507 818 1547 summo
836 1491 910 1556 bono
930 1490 948 1544 i.
965 1507 988 1546 e.
1007 1489 1070 1558 Deo

54 1645 56 1647 Ι
160 1572 279 1630 fruendo
307 1574 391 1632 besta
425 1584 513 1648 esset;
547 1579 630 1634 homo
667 1595 734 1650 ergo
770 1578 819 1648 qui
846 1575 991 1640 rationalis
1014 1590 1069 1644 ἠδ·

161 1663 296 1731 tanseat,
319 1661 411 1718 faetus
429 1668 471 1718 est
488 1665 579 1726 iustus
594 1665 631 1720 ad
644 1665 715 1734 hoe,
734 1670 767 1719 ut
785 1663 847 1719 Deo
858 1661 982 1717 truendo
1003 1659 1070 1715 bea-

158 1747 205 1797 tus
223 1752 303 1800 esset.

172 2071 174 2080 ,
241 1983 281 2070 2·
333 2019 402 2074 Aur.
431 2018 513 2084 Quod
530 2026 623 2076 autem
642 2021 707 2076 talis
722 2021 814 2078 faetus
832 2020 883 2089 sit,
899 2024 932 2074 ut
950 2017 1100 2074 necessi-l

160 2105 221 2156 tate
238 2118 293 2156 non
314 2108 478 2173 moreretur,
503 2105 568 2160 hine
590 2104 674 2160 facile
695 2105 843 2177 probatur,
868 2103 943 2175 quia,
960 2109 993 2160 ut
1012 2103 1068 2158 iam

159 2186 321 2256 uiximuse)
345 2189 498 2259 sapientiae
523 2197 551 2244 et
576 2190 698 2246 iustitiae
715 2190 770 2246 Dei
793 2195 948 2265 repugnat,
967 2194 1005 2256 'ut
1023 2204 1068 2242 eo-

160 2279 239 2344 geret
259 2273 399 2326 hominem
421 2281 536 2329 mortem
559 2275 619 2344 pati
644 2275 704 2330 sine
726 2275 823 2346 cupa,
855 2291 938 2346 quem
964 2274 1068 2330 iustum

159 2358 227 2414 feeit
252 2359 289 2413 sd
315 2364 457 2414 aeternam
481 2358 690 2416 beatitudinem.
738 2361 869 2432 Sequitur
892 2376 972 2432 ergo,
1001 2359 1100 2431 quisr

160 2444 185 2498 si
202 2461 347 2516 nunquam
362 2451 507 2514 peccasset
522 2461 665 2515 nunquam
681 2451 840 2503 moreretur.

231 2720 255 2786 l)
279 2719 336 2774 Cfr.
354 2720 552 2788 Monoloqs‘um
569 2737 594 2776 e.
611 2724 658 2776 68:
692 2718 783 2789 „Satis
805 2725 935 2800 patenter
957 2717 1069 2799 videtur

159 2803 241 2842 omne
265 2789 400 2844 rationale
427 2789 464 2844 ed
485 2788 543 2848 hoe
575 2789 703 2856 existere,
732 2793 764 2842 ut
789 2792 862 2844 sreut
884 2789 991 2846 rafione
1013 2785 1068 2842 dra·

159 2855 289 2912 cretionis
313 2857 420 2928 aliquid
446 2857 536 2912 maius
558 2857 603 2912 vel
625 2856 716 2912 minus
741 2859 846 2914 bonum
868 2857 928 2914 sive
944 2875 1001 2913 non
1018 2856 1068 2910 bo·

158 2943 227 2979 num
245 2923 363 2996 iudicat,
385 2927 426 2980 ita
447 2925 536 2997 magis
558 2930 608 2981 aut
631 2925 722 2980 minus
739 2925 770 2980 id
787 2931 862 2982 amet
878 2927 928 2981 aut
944 2945 988 2982 res
1010 2928 1066 2979 uat.

158 2993 237 3050 Nihil
253 2991 340 3064 igitur
358 2996 481 3067 apertius
498 3011 583 3066 quam
603 2993 766 3050 rationalem
784 2999 939 3050 ereaturam
957 3011 975 3049 a
1012 2991 1067 3072 hee
1162 3057 1168 3072 ι

160 3079 221 3119 esse
242 3061 360 3126 factam,
384 3070 416 3118 ut
443 3080 578 3119 summam
605 3063 752 3118 essentiam
775 3071 849 3120 amet
873 3081 957 3134 super
975 3075 1067 3116 omma

157 3131 242 3214 bons,
261 3131 333 3186 sieut
349 3132 411 3202 ipsa
431 3139 473 3190 est
488 3149 627 3188 summum
643 3131 762 3200 bonum3
781 3134 836 3192 imo
854 3139 886 3188 ut
905 3131 976 3186 nihil
992 3133 1068 3186 amet

157 3200 214 3256 nisi
230 3199 308 3254 rllam
326 3207 376 3256 aut
397 3218 448 3272 pro
468 3209 512 3258 ter
533 3201 626 3264 illam3
649 3201 719 3273 quia'
739 3201 789 3256 illa
806 3205 849 3256 est
864 3199 940 3257 bona
957 3215 1009 3272 per
1028 3215 1066 3268 se,

158 3275 188 3325 et
203 3268 274 3324 nihil
291 3269 369 3338 aliud
386 3276 429 3325 est
444 3219 548 3326 &onum
564 3270 618 3325 nisi
637 3287 688 3342 per
704 3270 807 3326 illam.“

167 3367 169 3372 .
227 3343 256 3406 r)
274 3338 347 3396 vite
365 3337 427 3395 Lib.
446 3339 469 3395 L
487 3346 554 3410 ιι,
573 3345 597 3397 s.
