2636 3806
174 325 175 328 κ
226 295 270 375 34
410 295 438 351 s.
455 293 626 356 nussum
644 293 950 389 osuunsamnars

227 465 325 522 mundi
342 472 472 523 naturam
495 466 525 520 in
549 465 648 522 melius
667 471 801 534 mutaret3
825 472 875 521 aut
892 465 917 522 ai
933 465 1059 537 periente
1076 475 1136 524 arat

227 549 257 604 in
274 567 402 622 numero,
426 569 487 610 nou
498 550 624 622 perfecta
643 551 752 608 eratin
770 551 991 619 confirmatione,
1002 557 1038 616 let
1056 552 1135 614 diffe-

225 637 314 692 renda
331 642 391 692 erat
410 636 469 692 eius
488 635 673 707 confirmatio,
692 635 800 693 etiamsi
816 636 910 692 nullus
925 636 955 690 in
972 652 1007 700 ea
1023 654 1136 707 peneac-

227 729 283 792 set,
307 740 395 795 usque
421 723 538 778 adeam
558 722 655 778 muudi
672 737 757 792 quam
779 726 957 791 expectamus
982 721 1137 776 renovatio·

227 825 305 878 nem3
333 814 383 880 aut
400 809 424 864 si
442 825 498 882 non
516 806 625 870 diutius
640 807 690 866 illa
706 804 878 863 confirmatio
896 804 1136 876 differendaerat,

228 894 411 950 acceleranda
439 899 499 950 erat
527 893 670 948 mundana
700 890 858 961 renovatio,
888 897 921 946 ut
947 908 1013 950 eum
1041 892 1138 948 eadem

175 977 210 1027 33
228 977 436 1036 confirmatione
453 978 541 1035 fieret.
576 979 632 1035 Sed
657 976 732 1048 qued
757 977 892 1032 mundum
908 977 1016 1032 noviter
1032 977 1138 1032 fantum

229 1063 323 1118 statim
334 1063 412 1133 Deus
430 1080 565 1121 renovare
583 1069 611 1120 et
631 1079 677 1118 eas
687 1079 745 1126 res,
757 1078 830 1133 quae
847 1067 912 1132 post
930 1063 1138 1120 renovationem

229 1147 307 1204 illam
324 1167 381 1208 uon
398 1156 488 1219 erunt,
512 1149 543 1204 in
560 1149 621 1220 ipso
640 1147 729 1217 initio,
754 1151 904 1219 antequam
922 1153 1070 1220 appareret
1088 1165 1139 1207 eur

229 1232 323 1288 factae
348 1239 456 1304 essent,
481 1234 625 1290 destruere
644 1232 809 1302 instituerit,
836 1233 911 1288 omni
929 1237 1006 1287 earet
1023 1232 1138 1288 ratione.

177 1320 212 1371 34
230 1318 361 1391 Sequitur
379 1321 458 1390 eigo,
484 1320 551 1392 quia
572 1319 666 1392 augeli
690 1335 747 1374 non
770 1318 811 1375 ita
834 1317 947 1383 fuerunt
972 1318 1002 1372 in
1024 1333 1139 1376 numero

229 1403 361 1474 perfeeto,
386 1411 531 1461 uteorum
550 1403 721 1460 confirmatio
740 1421 796 1462 non
815 1403 864 1460 diu
882 1400 1054 1470 differretur,
1075 1415 1139 1472 pro·

228 1496 326 1559 pterea
354 1490 421 1562 quia
449 1488 547 1544 mundi
578 1489 644 1545 novi
671 1489 877 1546 renovationem
907 1507 971 1546 mox
1001 1493 1141 1559 oporteret

174 1576 211 1627 ³5
229 1571 304 1644 fieri3
330 1575 406 1646 quod
423 1592 479 1630 non
498 1574 635 1630 convenit
677 1573 758 1638 Quod
780 1580 875 1632 autem
901 1573 1017 1631 eandem
1041 1573 1139 1630 mnir-

229 1659 379 1717 mationem
397 1658 541 1730 usquead
557 1658 655 1712 mundi
673 1659 797 1716 induam
808 1659 1017 1717 renovationem
1027 1659 1139 1716 differre
1234 1665 1235 1668 ’

230 1743 308 1800 Deus
326 1741 459 1812 veluerit,
484 1741 680 1800 inconveniens
703 1744 827 1814 videtur,
848 1745 1013 1816 praesertim
1028 1761 1092 1802 enm
1107 1744 1141 1800 il-

230 1828 287 1892 larn
311 1828 341 1882 in
364 1825 505 1900 aliquibus
529 1833 588 1888 tem
611 1828 667 1884 oito
689 1828 839 1900 perfecerit
847 1845 859 1900 3.
877 1835 906 1891 et
932 1847 996 1886 mum
1019 1829 1140 1902 intelligi

230 1913 332 1984 possit,
359 1911 426 1984 quia
451 1911 482 1966 in
507 1911 603 1984 primis
626 1913 786 1973 hominibus
809 1916 920 1987 quando
946 1922 1142 1988 peceaverunt,

134 1998 138 2007 '
230 1997 308 2077 iilam
323 1997 436 2056 fecisset·
453 1998 478 2054 si
503 2015 559 2054 nou
583 2005 761 2072 peccassent,
789 2000 861 2074 sicut
882 2001 950 2056 fecit
966 2001 996 2058 in
1013 2018 1140 2072 perseve-

178 2089 213 2142 '36
230 2082 357 2142 rantibus
384 2083 502 2156 angelis.
549 2075 681 2154 Quamvis
709 2085 782 2142 enim
807 2087 934 2142 nondum
958 2087 1141 2158 proveheren-

230 2174 277 2224 tur
295 2168 332 2222 ad
352 2168 430 2224 illam
446 2169 646 2242 aequalitatem
664 2170 841 2243 angelorum,
868 2172 1008 2246 adquam
1025 2190 1141 2244 perven-

230 2253 287 2308 turi
305 2261 384 2309 erant
400 2253 544 2325 homines,
568 2273 632 2311 cum
656 2256 796 2327 perfectus
816 2263 890 2316 esset
906 2275 1036 2316 numerus
1054 2258 1090 2313 de
1108 2257 1142 2314 il·

231 2337 266 2398 lis
285 2341 483 2401 assumendum
513 2341 543 2396 in
568 2339 618 2396 ilia
634 2344 728 2398 tamen
746 2342 853 2402 iustitia
869 2342 899 2401 in
916 2361 973 2416 qua
989 2350 1083 2413 erent,
1102 2343 1142 2398 vi·

197 2447 200 2454 ¹
233 2423 328 2494 detur,
354 2424 445 2496 quod,
469 2425 494 2478 si
519 2425 651 2481 ficissent
673 2434 785 2496 utnon
801 2435 951 2499 peccarent
970 2429 1085 2499 tentati,
1102 2429 1143 2487 ita

232 2507 462 2566 confirmarentur
489 2525 553 2564 cum
579 2510 653 2568 omni
678 2513 833 2586 propagine
850 2530 915 2584 sua,
939 2521 971 2572 ut
988 2516 1062 2572 ultra
1077 2531 1142 2586 pee-

233 2611 299 2660 care
320 2611 377 2653 non
401 2599 530 2676 possent:
557 2594 790 2666 quemadmodum
812 2595 861 2666 qui
869 2599 889 2665 ¹)
916 2599 984 2658 victi
1008 2617 1142 2672 peccave·

233 2687 314 2752 runt,
336 2681 378 2736 sic
394 2679 527 2736 infirmati
542 2685 620 2750 sunt,
643 2686 688 2748 ut,
713 2685 848 2751 quandum
864 2681 895 2738 in
911 2681 979 2754 ipsis
999 2690 1057 2754 est,
1082 2683 1143 2740 sine

149 2787 151 2792 ¹
182 2771 214 2837 37
234 2771 351 2838 peceato
368 2782 429 2822 esse
449 2764 641 2836 nonpossint
672 2763 741 2830 Quis
758 2765 831 2822 enim
849 2768 953 2822 audeat
969 2765 1061 2822 dicere
1078 2767 1143 2838 plus
1176 2771 1179 2774 '

234 2850 330 2914 valere
353 2850 517 2906 iniustitiam
541 2849 590 2905 ad
603 2848 775 2922 alligandum
796 2850 825 2906 in
849 2851 980 2908 servimte
1003 2850 1143 2908 hominem

237 2936 269 3000 in
281 2935 377 3009 prima
395 2935 524 2992 suasione
546 2934 601 2991 sibi
618 2935 847 3006 consentientem,
877 2953 961 3009 quam
979 2937 1086 2994 valeret
1102 2937 1143 2992 iu-

237 3021 316 3079 eutis
333 3020 370 3078 ad
387 3019 609 3077 confirmandum
625 3038 690 3078 eum
713 3022 744 3078 in
759 3021 903 3092 libertate,
928 3021 983 3079 sibi
998 3023 1029 3078 in
1045 3021 1144 3078 eadem

181 3113 216 3168 88
237 3108 330 3182 prima
358 3106 512 3166 tentatione
541 3106 758 3178 adhaerentem?
800 3107 874 3166 Nam
902 3106 1143 3178 quemadmodum,

238 3193 369 3266 quoniam
388 3193 512 3249 humana
534 3198 635 3261 nauata
651 3198 713 3250 tota
732 3193 838 3250 eratin
853 3191 1016 3265 parentibus
1036 3190 1143 3268 primis,

177 3341 179 3347 ’
304 3347 329 3415 1)
347 3345 438 3417 paee
456 3374 492 3388 -
509 3345 586 3416 quia.
