2636 3806
378 312 456 370 OUR
474 313 577 372 DEUS
594 312 712 370 HOMO.
747 315 771 370 1.
791 319 902 370 21—23.
1055 315 1099 382 45

190 483 387 553 consolaretur,
405 483 457 539 hoc
469 483 558 539 solum
573 489 686 555 cogeret
695 499 740 539 me
752 485 906 556 desperare.
935 486 1005 540 Aac.
1022 485 1099 541 Audi

189 575 292 625 tamen.
327 571 396 623 Bor.
413 569 475 624 Dic.
511 570 580 623 Ans.
599 569 690 624 Homo
708 569 738 624 in
757 571 888 641 paradiso
906 569 966 626 sine
984 573 1132 644 peccatoi

190 654 282 710 iactus
305 655 385 726 qnasi
407 656 515 726 positus
541 660 584 709 est
602 673 654 726 pro
669 655 731 711 Deo
756 656 829 710 inter
845 656 938 711 Deum
957 662 985 711 et
1003 655 1099 712 diabo-

190 739 262 810 lum,
289 745 322 795 ut
349 741 473 796 vinceret
501 739 644 796 diabolum
668 759 724 796 non
749 741 946 797 consentiendo
970 743 1099 798 suadenti

189 833 351 897 peccatum,
375 827 413 882 ad
437 827 642 881 excusationem
664 831 692 882 et
709 827 840 882 honorem
859 829 914 901 Dei
935 829 1016 885 etad
1034 845 1099 884 con-

190 910 326 968 fusionem
351 911 468 980 diaboli,
495 928 559 966 eum
584 912 631 968 ille
654 911 787 966 infirmior
811 913 841 966 in
865 920 939 968 terra
960 931 1016 969 non
1033 931 1099 986 pec-

191 1003 267 1052 caret
292 997 389 1052 eodem
411 998 523 1053 diabolo
553 998 701 1063 suadente,
728 998 777 1069 qui
800 997 898 1054 fortior
919 1001 1046 1070 peccavit
1069 1001 1099 1055 in

190 1083 267 1138 coelo
290 1083 368 1139 nullo
393 1084 544 1153 suadente3
572 1090 600 1139 et
626 1101 690 1138 cum
715 1083 769 1138 hoc
790 1083 872 1139 homo
895 1083 978 1140 facile
1004 1090 1099 1157 posset

190 1165 312 1236 efficere,
335 1167 414 1221 nulla
436 1171 464 1223 vi
490 1176 603 1224 coactus
628 1169 688 1225 sola
709 1169 837 1224 suasione
858 1177 956 1241 sponte
977 1188 1007 1226 se
1024 1172 1098 1226 vinci

188 1252 314 1322 permisit
338 1253 375 1308 ad
401 1254 573 1309 voluntatem
597 1255 701 1310 diaboii
719 1261 747 1309 et
767 1260 863 1310 contra
880 1255 1051 1312 voluntatem
1070 1263 1099 1312 et

187 1337 320 1394 honorem
336 1339 399 1394 Dei.
434 1343 502 1394 Boe.
527 1340 574 1394 Ad
591 1342 659 1413 quid
678 1341 720 1394 vis
739 1339 874 1396 tendere?
911 1342 980 1396 Aac.
999 1340 1131 1398 Iudice3

188 1425 316 1496 tuipse,
340 1425 364 1478 si
388 1442 444 1480 non
469 1431 511 1480 est
536 1433 632 1482 contre
652 1426 783 1481 honorem
805 1425 874 1493 Dei,
900 1431 932 1479 ut
955 1426 1037 1482 homo
1054 1445 1097 1483 re-

188 1509 351 1564 concilietur
382 1510 425 1564 illi
456 1527 520 1565 cum
550 1512 690 1566 calumnia
715 1510 797 1565 huius
826 1512 1009 1567 contumeliae
1035 1513 1097 1568 Deo

188 1593 342 1665 irrogatae,
372 1595 427 1648 nisi
455 1597 532 1667 prius
561 1596 737 1653 honoraverit
761 1596 853 1651 Deum
875 1595 1012 1651 vincendo
1039 1599 1097 1653 dia-

189 1679 300 1750 bolum,
339 1680 412 1736 sicut
450 1682 625 1738 inhonoravit
665 1683 745 1737 illum
788 1682 879 1736 victus
920 1698 938 1735 a
978 1683 1097 1739 diabolo.

188 1764 315 1822 Victoria
339 1783 404 1821 vero
425 1768 491 1823 talis
515 1786 575 1824 esse
600 1768 700 1838 debet,
725 1774 757 1823 ut
780 1770 853 1824 sicut
869 1768 950 1824 fortis
967 1785 1000 1823 ac
1018 1775 1096 1841 pote·
1114 1766 1131 1817 4

188 1857 260 1906 state
286 1852 449 1908 immortalis
481 1854 621 1910 consensit
647 1852 731 1909 facile
761 1854 871 1909 diabolo
901 1859 933 1909 ut
957 1861 1095 1927 peccaret,

188 1935 263 1990 unde
281 1936 354 1992 iusto
379 1936 496 1991 incurrit
517 1955 636 2008 poenam
653 1939 844 2008 mortalitatis3
869 1941 910 1994 ita
926 1940 1051 1995 infirmus
1070 1948 1098 1998 et

188 2021 325 2091 mortalis,
351 2023 461 2093 qualem
487 2041 517 2079 se
532 2023 600 2078 fecit
619 2024 693 2095 ipse,
719 2041 770 2095 per
788 2022 884 2078 mortis
903 2021 1097 2078 difficultatem

187 2106 283 2161 vincat
311 2107 453 2163 diabolum
480 2115 512 2163 ut
539 2108 616 2164 nullo
642 2109 725 2164 modo
749 2113 863 2180 peccet,
896 2107 972 2177 quod
1004 2106 1096 2162 iacere

186 2208 244 2247 non
267 2197 373 2263 potest,
398 2195 532 2266 quamdiu
554 2211 587 2249 ex
612 2194 725 2249 vulnere
747 2191 829 2263 primi
846 2190 956 2262 peccati
973 2191 1095 2262 concipi·

186 2284 233 2334 tur
250 2278 421 2334 etnascitur
444 2279 473 2334 in
492 2285 616 2350 peccato.
651 2282 719 2332 Boe.
755 2277 860 2333 Iterum
878 2276 955 2346 dico,
983 2276 1049 2349 quia
1069 2280 1129 2333 et5

185 2364 257 2420 ratio
275 2363 376 2435 probat
395 2364 471 2436 quod
490 2363 568 2432 dicis,
590 2369 618 2418 et
633 2361 803 2433 imposibile
821 2369 872 2418 est.

262 2555 335 2641 23.
386 2587 457 2642 Ano.
485 2583 588 2641 Adhuc
596 2585 617 2657 ¹)
635 2585 731 2657 accipe
748 2603 847 2654 unum,
871 2583 930 2641 sine
949 2602 1006 2656 quo
1023 2583 1095 2640 iuste
1114 2588 1127 2638 1

185 2687 242 2726 non
276 2669 471 2728 reconciliatur
505 2671 600 2741 homo,
633 2689 685 2728 nec
718 2671 809 2726 minus
845 2669 1015 2741 impossibile
1045 2675 1094 2726 est

186 2756 254 2810 Bor.
289 2755 345 2812 Tot
362 2756 420 2810 iam
440 2756 609 2826 proposuisti
633 2755 713 2812 nobis
737 2771 809 2827 quae
836 2753 927 2807 facere
953 2754 1094 2824 debemus,

185 2846 218 2895 ut
243 2841 380 2913 quidquid
403 2842 589 2913 superaddas,
617 2856 674 2895 non
699 2856 744 2894 me
765 2838 855 2910 magis
873 2843 977 2894 terrere
997 2840 1093 2911 possit

184 2927 255 2980 Aac.
293 2928 371 2983 Audi
398 2933 500 2983 tumen.
536 2928 605 2982 Boo.
639 2925 740 2979 Audio.
776 2925 845 2977 Aac.
881 2923 956 2989 Quid
978 2921 1127 2979 abauditi

183 3011 267 3066 homo
283 3012 354 3082 Deo,
374 3030 438 3069 eum
455 3011 530 3068 vinci
547 3028 577 3066 se
594 3010 719 3082 permisit
736 3025 755 3064 a
771 3009 903 3065 diabolo?
937 3010 1007 3064 Boe.
1036 3005 1093 3060 Dic

184 3102 217 3152 tu
234 3103 267 3152 ut
282 3097 425 3168 incepisti,
450 3097 517 3170 quie
538 3112 591 3168 ego
608 3095 715 3166 nescio,
740 3096 808 3167 quid
830 3111 913 3166 super
931 3094 1000 3147 haec
1018 3091 1093 3145 mala

185 3199 258 3253 quae
285 3183 432 3239 ostendisti
459 3182 551 3255 potuit
581 3182 693 3238 addere.
746 3182 816 3236 Aac.
851 3179 951 3236 Nonne
979 3175 1127 3234 abstulit3

256 3374 283 3440 1)
301 3370 337 3427 In
354 3370 438 3426 Mser.
454 3369 502 3426 hic
517 3369 616 3440 incipit
632 3385 655 3424 a
676 3375 718 3426 23.
