2636 3806
223 303 267 370 30
406 299 435 357 8.
451 299 622 359 susem
641 297 948 358 mammaeae

189 478 288 532 tuam
312 481 439 532 naturam
463 490 514 527 suo
539 478 672 542 tempore.
708 469 792 526 Unde
814 473 864 524 ant
887 467 1058 524 solummodo
1081 486 1132 523 nu·

223 577 329 618 meram
355 562 477 616 nondum
504 559 642 629 integrum
665 554 822 626 perliceret,
850 560 900 610 aut
925 555 1009 610 etiam
1037 553 1132 609 simi·

222 655 369 716 nuerstur,
398 646 563 700 restitueret.
616 640 645 697 si
677 646 771 695 sutem
800 647 859 696 tota
890 647 1018 696 ereatura
1049 639 1131 694 simul

223 734 301 789 faeta
324 739 382 798 est,
405 737 435 787 st
458 730 517 784 dies
535 728 576 782 illi
593 728 622 780 in
646 726 747 796 quibus
767 729 878 796 Moyses
898 727 981 780 istum
998 725 1131 778 mundum

222 835 278 875 non
297 819 379 873 simul
396 816 502 871 factum
526 831 586 870 essa
609 813 720 866 videtur
737 811 843 878 disere,
867 811 948 865 aliter
968 817 1033 864 sunt
1051 811 1130 865 intel·

222 905 341 977 ligendi,
370 919 455 974 quam
478 901 550 956 siout
572 898 699 953 videmus
722 897 789 950 istos
814 896 873 951 dies
895 896 924 950 in
944 896 1045 967 quibus
1064 895 1131 950 vivi·

223 1007 301 1046 mus:
327 989 483 1060 intelligere
506 1001 628 1056 nequeo,
651 982 789 1053 quomodo
812 981 880 1036 faeti
903 983 960 1037 sint
985 981 1079 1053 angeli
1103 981 1132 1035 in

190 1076 272 1130 tillo
290 1075 414 1146 perfeeto
433 1087 555 1128 numen).
584 1068 694 1138 Quippe
718 1068 741 1121 si
760 1067 800 1121 ita
817 1072 903 1134 esset,
929 1067 1040 1121 videtur
1059 1066 1133 1135 mihi,

224 1161 292 1232 quia
310 1177 344 1214 ex
361 1160 527 1215 necessitate
545 1161 595 1210 aut
617 1151 705 1220 aliqui
722 1151 846 1206 homines
866 1154 911 1207 vel
928 1153 1022 1224 angeli
1040 1150 1133 1206 casuri

224 1251 392 1314 erant,·ant
415 1247 508 1316 pluras
535 1248 627 1297 essent
652 1238 681 1292 in
702 1237 752 1292 illa
768 1237 882 1292 coelesti
900 1239 1026 1305 civitate,
1050 1255 1133 1309 quam

190 1330 273 1384 silla
302 1329 419 1402 perfecti
455 1325 563 1381 numeri
596 1322 803 1379 convenientia·
819 1323 950 1396 exigeret.
1005 1323 1034 1380 Si
1063 1340 1130 1394 ergo

224 1414 317 1471 omnia
336 1415 418 1468 simul
434 1413 510 1468 faeta
529 1416 602 1476 sunt,
620 1409 660 1464 sia
679 1407 808 1464 videntur
827 1409 920 1479 angeli
935 1416 963 1464 et
981 1410 1036 1463 duo
1051 1407 1133 1484 primi

223 1499 348 1554 homines
366 1499 396 1552 in
413 1513 527 1552 numero
553 1493 715 1564 imperfecto
734 1493 840 1563 fuisse,
865 1503 897 1548 ut
914 1493 1086 1562 hominibus,
1111 1492 1134 1546 si

223 1585 318 1641 nullus
342 1584 454 1638 eederet
476 1581 608 1652 angelus,
632 1579 707 1648 quod
729 1579 824 1634 deerat
841 1580 931 1634 solum
948 1577 1134 1649 perficeretur,

225 1677 254 1726 st
271 1670 296 1724 si
314 1669 416 1740 aliquis
433 1668 542 1736 periret,
563 1665 616 1720 hoe
634 1679 744 1734 quoque
764 1664 841 1734 quod
862 1665 986 1732 caderet,
1008 1664 1133 1718 restitua-

224 1761 316 1822 retu13
331 1760 358 1808 et
375 1751 492 1806 hominis
509 1757 609 1805 natura
628 1765 701 1819 quae
718 1747 851 1805 infirmior
864 1757 932 1820 erat,
951 1749 1031 1820 quasi
1042 1749 1134 1804 Deum

226 1844 370 1896 excusaret
388 1843 472 1906 atque
494 1835 635 1891 diabolum
653 1832 848 1904 confuuderet,
873 1837 898 1890 si
926 1835 972 1890 ille
992 1852 1072 1889 suum
1090 1851 1134 1888 oa-

225 1942 287 1980 sum
305 1922 458 1981 infirmitati
483 1937 550 1976 suaa
574 1921 738 1990 imputaret,
761 1936 825 1974 eum
850 1919 911 1991 ipsa
929 1919 1062 1976 infirmior
1079 1927 1133 1974 sta·

226 2017 285 2080 sst3
311 2025 345 2063 ao
371 2007 395 2062 si
415 2013 443 2062 et
460 2007 557 2062 eadem
583 2006 647 2076 ipsa
671 2006 796 2075 caderet,
820 2007 908 2061 multo
932 2007 1022 2078 magis
1041 2006 1135 2062 Deum

227 2094 389 2150 defenderet
417 2099 515 2147 eontra
541 2091 683 2149 diabolum
710 2098 739 2146 et
765 2099 862 2147 eontra
885 2110 915 2148 se
940 2093 1045 2162 ipsam,
1072 2108 1136 2146 cum

226 2178 290 2248 ipsa
305 2177 382 2233 iacta
398 2177 480 2232 valde
500 2175 633 2232 infirmior
650 2179 678 2232 et
695 2177 818 2230 mortalis
841 2177 871 2230 in
889 2177 983 2232 electis
1004 2178 1039 2232 de
1057 2183 1135 2232 tantu

226 2262 386 2318 infirmitate
403 2268 481 2318 tanto
500 2263 584 2320 altius
603 2261 781 2331 ascenderet,
808 2279 892 2333 quam
914 2262 989 2317 unda
1007 2260 1135 2316 diabolus

228 2345 386 2413 cecidisset,
409 2354 513 2417 quanto
532 2345 599 2402 boni
620 2345 713 2416 angeli
733 2363 850 2416 quorum
872 2347 1028 2419 aequalitas
1046 2345 1071 2401 ei
1090 2345 1136 2400 de·

227 2429 324 2499 betur,
347 2429 525 2500 profecerunt
542 2438 605 2502 post
622 2434 730 2486 ruinam
750 2432 900 2500 malounm,
927 2431 993 2503 quia
1010 2446 1136 2501 perseve-

194 2519 366 2574 9raverunt
401 2517 445 2570 Ex
467 2517 510 2572 his
536 2517 691 2572 rationibus
713 2516 806 2586 potius
830 2517 899 2572 mihi
920 2517 1043 2578 videtur,
1071 2515 1136 2585 quia

227 2601 257 2655 in
276 2601 384 2672 angelis
402 2617 458 2655 non
477 2601 532 2656 fuit
557 2602 605 2658 ille
627 2602 768 2672 perfectus
793 2619 938 2672 numerus,
962 2619 1017 2674 quo
1038 2601 1136 2656 civitas

227 2687 278 2741 illa
301 2703 421 2757 superna
446 2685 640 2757 perficeretur,
667 2687 797 2756 quoniam
821 2686 845 2740 si
868 2687 950 2743 homo
970 2686 1052 2742 simul
1073 2701 1137 2740 oum

227 2772 335 2843 angelis
359 2772 451 2827 faetus
476 2788 533 2825 non
557 2776 613 2839 est,
639 2769 678 2826 sie
703 2772 836 2842 possibile
854 2780 897 2828 est
915 2788 988 2842 esse,
1015 2778 1043 2826 et
1060 2770 1084 2824 si
1101 2769 1137 2823 si·

227 2858 287 2912 mul
312 2856 380 2912 faeti
403 2862 482 2926 sunt,
508 2856 583 2928 quod
606 2857 696 2927 magis
713 2863 814 2928 putant
833 2858 926 2926 multi,
951 2857 1081 2928 quoniam
1098 2855 1137 2910 le·

227 2943 319 3015 gitur:
351 2943 402 3014 qui
424 2941 491 2995 uiuit
520 2941 550 2994 in
577 2948 733 3008 aeteruum,
760 2944 865 2996 creauit
895 2944 990 2996 omnia
1015 2941 1108 3008 simul,
1117 2943 1137 3008 ¹)

178 3033 211 3084 10
227 3027 339 3084 videtur
366 3042 480 3081 neeesse
510 3041 578 3080 esse.
623 3025 679 3081 aed
709 3034 738 3082 et
766 3027 790 3081 si
819 3025 952 3096 perfectio
980 3027 1137 3082 mundanae

228 3119 371 3168 creaturae
395 3128 452 3169 non
475 3117 584 3165 tantum
609 3117 652 3166 est
675 3111 859 3183 intelligenda
881 3113 911 3165 in
935 3129 1050 3168 numero
1066 3110 1138 3165 indi-

227 3196 389 3266 viduorum,
416 3203 551 3267 quantum
576 3195 605 3248 in
629 3213 744 3252 numero
761 3204 940 3269 naturarum,
963 3213 1077 3253 neeesse
1095 3199 1138 3251 est

301 3357 532 3426 uslauseinais.
554 3363 593 3427 ta,
614 3363 638 3416 1.
