2636 3806
385 301 463 360 cun
477 302 714 370 onuaflouo.
749 305 772 358 1.
792 310 816 360 o.
835 308 875 360 ro.
902 309 906 324 ·
1042 299 1082 371 Π

176 473 307 528 voluntas
323 478 387 541 tna,
408 471 439 526 id
457 477 515 540 eut,
531 471 582 527 fiat
600 489 673 527 more
690 490 769 542 mea,-
785 478 818 528 ut
834 473 954 528 mundus
972 471 1025 529 tibi
1040 491 1083 529 re·

176 557 344 614 concilietur.
384 557 457 613 Nam
479 574 563 629 saepe
588 557 709 629 aliquem
732 559 803 615 velle
828 557 945 614 dicimur
968 558 1083 630 aliquid,
1100 561 1133 612 ²6

176 643 244 714 quia
269 659 326 698 non
348 642 410 696 vult
429 643 521 713 aliud,
549 643 625 714 quod
648 643 672 698 ei
698 645 797 713 vellet,
825 659 882 699 non
906 643 986 699 lieret
1010 643 1081 698 illud

176 727 253 800 quod
273 728 376 783 dieitur
393 729 480 795 velle;
500 734 533 783 nt
549 746 613 785 oum
625 729 750 800 dicimur,
767 731 846 785 illum
857 731 999 784 lucernam
1009 729 1082 784 velle

175 813 351 884 extinguere,
377 813 426 883 qui
445 829 502 868 non
518 813 580 868 vult
593 813 744 870 fenestram
761 815 904 882 claudere,
928 831 979 884 per
997 829 1082 885 quam

175 905 274 953 ventur
301 898 388 953 intrat
412 898 460 970 qui
484 898 627 954 lucernam
650 899 796 972 extinguit
833 899 878 954 Sic
906 915 972 970 ergo
993 899 1083 954 voluit
1098 906 1131 956 27

175 982 261 1039 Pater
278 991 393 1048 mortem
412 984 494 1054 Filii,
511 985 653 1056 quianon
668 985 750 1040 aliter
768 985 856 1040 voluit
872 985 1007 1039 muudum
1028 984 1081 1038 ral-
1119 976 1121 980 ’

175 1069 235 1124 vari
252 1070 306 1124 uiri
322 1070 404 1124 homo
422 1075 480 1124 tam
497 1087 631 1141 magnum
649 1070 757 1142 aliquid
769 1070 882 1137 laceret,
903 1071 1003 1125 utiam
1014 1069 1079 1124 dixi
1120 1085 1121 1088 ’

177 1153 259 1218 Quod
275 1155 349 1210 Filio
372 1155 476 1210 volenti
504 1156 622 1210 salutem
640 1156 782 1211 hominum
803 1156 967 1211 tantundem
984 1155 1082 1226 valuit,
1099 1163 1133 1216 28

175 1240 308 1312 quoniam
324 1241 378 1296 hoe
404 1239 476 1296 alius
498 1240 592 1296 fauere
617 1257 674 1296 non
696 1243 821 1310 valebat,
848 1247 982 1313 quantum
999 1241 1023 1294 si
1040 1241 1082 1294 illi

177 1326 247 1382 mori
271 1325 460 1398 praeciperem
487 1326 562 1382 nuda
586 1326 634 1381 ille
657 1326 729 1381 riont
752 1327 915 1392 mandatum
937 1326 979 1379 illi
1005 1325 1083 1382 dedit

175 1413 274 1481 Pater,
298 1413 340 1467 rio
361 1411 429 1467 feeit
453 1416 482 1466 et
506 1408 621 1464 calicem
640 1427 734 1480 quem·
750 1410 829 1464 dedit
845 1411 871 1466 ei
887 1411 987 1480 Pater,
1011 1410 1084 1465 bibit

177 1497 309 1554 obediens
326 1496 466 1568 usquead
482 1501 607 1550 mortem.

256 1650 326 1736 10·
371 1681 470 1736 Potest
494 1681 578 1735 etiam
599 1687 677 1737 reete
699 1680 831 1752 intelligi,
858 1679 924 1751 qnia
941 1678 1083 1750 perillam
1104 1685 1115 1734 i

177 1766 254 1838 piam
276 1767 462 1835 voluntatem,
491 1782 547 1837 qua
571 1761 659 1836 voluit
683 1766 773 1820 Filius
795 1783 847 1835 pro
871 1765 962 1832 salute
987 1763 1084 1820 mundi

176 1851 256 1920 mori,
279 1851 356 1905 dedit
376 1851 419 1904 illi
443 1851 529 1924 Pater
552 1850 620 1922 (non
643 1859 737 1908 tamen
760 1852 896 1923 cogendo)
922 1852 1085 1904 mandatum

178 1940 207 1991 et
223 1935 339 2010 calicem
355 1936 492 2006 passionis
517 1943 544 1991 et
569 1954 625 1992 non
641 1937 767 2008 pepercit
784 1936 839 2004 illi,
867 1936 917 1991 sed
933 1951 984 2005 pro
1003 1935 1083 1990 nobie

176 2019 293 2076 tradidit
310 2021 389 2075 illum
410 2027 439 2075 et
456 2027 573 2076 mortem
596 2021 671 2076 illius
691 2021 795 2084 voluit3
825 2026 853 2076 et
875 2022 941 2091 quia
958 2021 1019 2091 ipse
1036 2020 1082 2073 Fi·

176 2107 232 2160 lius
256 2106 387 2161 obediens
411 2106 466 2161 init
492 2119 582 2178 nsque
608 2108 645 2160 ad
668 2113 799 2175 mortem,
827 2111 856 2160 et
874 2104 972 2159 didicit
991 2122 1024 2159 ex
1040 2103 1083 2158 his
1193 2113 1196 2122 ⁴

177 2207 251 2262 quae
274 2207 373 2260 passus
398 2198 440 2246 est
459 2190 654 2248 obedientiam.
690 2191 929 2256 Quemadmodum
949 2190 1022 2246 enim
1043 2187 1118 2245 eie-2

177 2276 301 2330 eundum
319 2275 517 2332 humanitatem
534 2293 591 2330 non
609 2275 732 2332 habebat
751 2293 769 2330 a
786 2293 816 2331 se
828 2275 998 2346 uoluntatem
1012 2276 1085 2331 iustu

177 2363 289 2416 vivendi
307 2365 358 2416 sed
376 2381 394 2417 a
410 2363 510 2431 Patre,
536 2361 577 2416 ita
594 2377 705 2432 quoque
723 2359 801 2414 illum
818 2360 1003 2430 voluntatem,
1029 2350 1085 2430 qua

178 2452 211 2501 nt
229 2454 338 2502 tantam
360 2447 464 2502 bonnm
490 2444 610 2513 faceret,
635 2445 705 2500 mori
727 2445 830 2515 voluit,
851 2462 908 2500 nou
930 2444 1022 2515 potuit
1036 2446 1085 2500 ha·

178 2533 244 2588 bere
262 2532 316 2586 nisi
334 2550 352 2587 a
369 2533 453 2588 Patre
475 2530 624 2601 luminum,
650 2547 667 2584 a
691 2548 747 2602 qno
766 2537 809 2584 ert
825 2546 906 2584 omne
923 2530 1019 2584 datum
1037 2547 1085 2599 op·

177 2617 276 2672 timum
296 2624 325 2672 et
341 2633 422 2673 omne
443 2618 546 2673 donum
568 2616 766 2687 perfeetum31)
789 2620 819 2668 et
837 2614 911 2667 sieut
926 2614 1011 2668 Pater
1028 2619 1084 2668 tra

178 2702 245 2758 here
262 2703 354 2757 dando
373 2703 543 2757 voluntatem
561 2701 675 2768 dieitur,
701 2697 741 2752 itu
755 2715 811 2752 non
828 2697 980 2768 inoongrue
997 2697 1042 2767 fit,
1063 2699 1087 2752 ei

179 2787 322 2857 impellere
343 2787 482 2844 asseritur.
526 2786 603 2842 Siout
628 2786 702 2842 euim
728 2781 797 2836 dicit
818 2781 906 2836 Filius
932 2784 967 2837 de
987 2783 1084 2839 Patre:
1103 2784 1118 2836 3

181 2873 271 2925 Nemo
302 2875 376 2927 venit
404 2875 445 2926 ad
473 2890 530 2940 me,
566 2873 624 2924 otei
651 2872 739 2923 Peter
768 2867 885 2920 tumuerit
914 2869 1016 2935 eum‚²)
1047 2867 1086 2920 ita

181 2956 274 3011 dicere
301 2959 406 3028 potuit,
437 2956 492 3010 nisi
523 2955 663 3028 impulerit
695 2971 766 3009 eum.
814 2950 945 3008 Similiter
975 2954 1120 3022 quoquae

251 3145 275 3211 1)
305 3143 362 3198 cfr.
379 3144 473 3198 iacob.
493 3147 522 3211 i,
554 3148 597 3197 17:
623 3141 706 3194 Πᾶσα
731 3137 809 3198 δόσις
835 3132 927 3208 droti)
955 3135 1000 3188 aul
1028 3135 1086 3190 πᾶν

179 3210 301 3297 δρρημα,
315 3215 421 3268 τέλειον
441 3210 553 3267 ἄνωθέν
571 3213 648 3266 ἐστιν
665 3213 832 3278 καταβαῖνον
851 3200 907 3260 dud
921 3201 969 3258 ἑοῖ·
982 3199 1087 3274 πατρὸς

180 3301 235 3334 ruw
255 3301 366 3352 φωτων.

251 3357 277 3416 2)
300 3349 397 3406 Ioann.
418 3355 441 3419 6,
460 3355 501 3404 44.
