2636 3806
349 287 428 354 cim
445 295 545 354 DEUS
563 292 681 353 Ηοιιο.
716 298 738 352 ι.
761 301 869 352 12—15.
1018 291 1061 358 25

186 657 188 660 -
236 587 304 672 14.
355 621 423 674 Boc.
460 620 516 676 Sed
542 620 605 676 volo
633 637 651 674 c
676 619 842 692 testudine,
870 621 894 673 si
918 620 1093 692 peccantisl

159 723 248 779 pocus
267 706 304 760 sit
326 705 368 760 illi
393 705 479 761 honor
500 713 551 762 cut
573 705 729 761 cuiusmodi
752 707 839 764 honor
859 707 902 761 sit
937 706 968 762 Si
986 707 1060 762 enim

158 809 250 864 pocnc
266 792 409 863 peccantis
428 809 485 865 non
509 792 568 846 cius
592 792 752 849 honorent:
780 809 844 848 cnm
860 801 989 864 peccator
1006 812 1063 849 non

159 877 241 936 solvit
258 878 336 949 quod¹
350 877 479 942 abstulit,
500 879 550 933 scd
567 881 697 950 punitur,
717 880 757 933 sic
775 879 867 951 perdit
883 880 960 935 Deus
979 878 1064 934 hono-

159 979 217 1020 rem
235 981 329 1033 suum,
350 969 382 1018 ut
402 981 459 1018 non
480 969 639 1035 recuperet3
665 964 739 1037 quod
757 965 800 1018 his
819 982 891 1036 quae
911 965 1066 1021 dictasunt

159 1064 316 1120 repugnare
335 1048 453 1107 videtur.
487 1051 555 1103 Ano.
577 1049 669 1105 Deum
686 1049 857 1120 impossibiie
876 1057 918 1106 est
934 1052 1067 1108 honorem
1082 1057 1097 1107 2

53 1176 57 1180 .
161 1151 243 1189 suum
269 1135 400 1206 perdere3
433 1141 482 1190 cut
514 1135 587 1196 enim
608 1141 740 1206 peccator
763 1142 862 1205 sponte
884 1136 967 1192 solvit
991 1139 1067 1208 quod

162 1219 253 1289 debet,
270 1225 321 1274 cut
339 1219 416 1274 Deus
434 1220 471 1275 cb
484 1219 571 1275 invito
589 1221 699 1292 cccipit.
735 1221 808 1278 Nam
827 1228 876 1277 cut
893 1222 974 1276 homo
990 1223 1067 1279 debi·
1083 1234 1097 1284 3

160 1311 218 1360 ιιιιι
244 1304 443 1360 subiectionem
468 1305 543 1375 Deo,
570 1306 629 1362 sive
653 1323 710 1360 non
735 1307 878 1377 pecccndo
906 1308 964 1364 sive
990 1309 1067 1380 quod

161 1395 261 1462 peccat
278 1391 423 1460 solvendo,
440 1388 583 1446 voluntate
604 1397 758 1462 spontanec
773 1390 897 1461 exhibet,
922 1399 971 1446 aut
988 1392 1065 1449 Deus

162 1493 226 1532 eum
246 1475 363 1530 invitum
382 1476 436 1532 sibi
456 1478 611 1548 torquendo
635 1476 748 1532 subiicit
765 1483 793 1532 et
811 1477 851 1530 sic
869 1494 899 1532 se
916 1477 1067 1532 Dominum

162 1561 222 1616 cius
240 1579 300 1617 esse
323 1563 460 1632 ostendit,
487 1563 562 1633 quod
583 1562 643 1634 ipse
666 1563 748 1618 homo
766 1564 909 1618 voluntate
926 1563 1009 1618 fateri
1025 1581 1067 1623 re-

164 1653 250 1702 cusat.
290 1646 325 1704 In
352 1666 407 1719 quo
434 1648 676 1719 considerandum,
703 1648 770 1720 quin
797 1649 870 1703 sicut
894 1649 976 1704 homo
1004 1651 1103 1720 pec-4

164 1733 254 1788 cando
284 1733 359 1804 repit
384 1734 459 1805 quod
488 1724 628 1808 Deiest,
656 1735 697 1789 ite
712 1735 790 1790 Deus
808 1733 949 1805 puniendo
978 1734 1069 1790 aufert

164 1820 238 1889 qnod
255 1819 372 1874 hominis
391 1826 440 1876 cst.
474 1820 585 1892 Quippe
608 1839 664 1876 non
688 1821 778 1876 solum
792 1821 821 1875 id
840 1821 932 1890 ipsum
951 1820 1069 1875 clicuius

165 1921 225 1959 esse
252 1904 353 1960 dicitur
377 1908 528 1978 quodiam
553 1905 689 1977 possidet,
714 1904 764 1960 sed
791 1904 867 1978 quod
888 1905 917 1958 in
940 1905 999 1959 eius
1021 1922 1070 1974 po·
1142 1927 1144 1932 ·

164 1996 265 2046 testate
288 1997 331 2045 est
354 1997 386 2046 ut
408 1991 518 2048 habeat.
553 1991 691 2056 Quoniam
718 2007 785 2062 ergo
807 1989 889 2044 homo
914 1990 954 2042 ite
978 1989 1104 2045 factust

166 2080 224 2144 est,
249 2081 281 2130 ut
307 2076 508 2133 beatitudinem
533 2076 636 2132 hebere
661 2081 769 2152 poscet²
798 2074 822 2127 si
850 2091 906 2129 non
928 2081 1071 2144 peccaret:

166 2179 231 2216 cum
247 2167 363 2232 propter
384 2167 531 2232 peccatum
550 2161 725 2217 beatitudine
750 2166 779 2215 et
796 2159 870 2214 omni
889 2159 963 2214 bono
980 2159 1072 2230 prive-

166 2254 220 2315 tur,
248 2247 283 2303 de
305 2265 356 2302 suo
379 2248 504 2318 quamvis
521 2247 630 2300 invitus
656 2247 738 2300 solvit
765 2245 839 2315 quod
863 2245 971 2316 rapuit3
999 2246 1072 2317 quia,

167 2332 234 2390 lieet
261 2333 339 2388 Deus
364 2333 417 2388 hoc
443 2333 478 2386 cd
506 2349 588 2386 usum
611 2331 655 2385 sui
680 2331 818 2386 commodi
846 2348 903 2386 non
923 2331 1073 2387 transferat

169 2420 245 2493 quod
262 2419 366 2484 aufert,
391 2418 463 2472 sicut
479 2417 561 2473 homo
579 2417 727 2487 pecuniam
744 2434 827 2489 quem
846 2417 893 2470 clii
911 2417 1015 2486 aufert,
1042 2417 1072 2472 in

170 2523 249 2561 suam
265 2505 401 2560 convertit
418 2503 579 2559 utilitatem:
605 2502 658 2558 hoc
685 2507 779 2559 tamen
798 2503 873 2574 quod
890 2503 994 2572 aufert,
1019 2502 1073 2556 uti-

168 2597 215 2646 tur
245 2593 282 2646 cd
310 2609 391 2646 ιιιιιιιι
421 2591 563 2659 honorem,
592 2605 643 2659 per
667 2589 720 2644 hoc'
747 2588 814 2660 quic
838 2589 938 2644 aufert.
985 2588 1074 2642 Aufe·
1107 2586 1124 2637 6

169 2678 256 2734 nendo
279 2679 352 2734 enim
371 2682 544 2748 peccatorem
562 2681 590 2730 ct
610 2691 681 2745 quae
698 2675 774 2733 illius
793 2679 859 2729 sunt
878 2672 1003 2729 subiecta
1020 2671 1075 2728 sibi

170 2761 357 2834 esseprobat.
448 2780 451 2788 ·

252 2985 320 3070 15·
369 3021 436 3072 Bos.
453 3017 552 3071 Placet
569 3013 643 3086 quod
664 3012 740 3069 dicis.
768 3011 823 3068 Sed
844 3009 1021 3074 estetcliud,
1038 3006 1108 3061 cdl

173 3104 248 3177 quod
265 3109 343 3158 tuem
363 3103 567 3173 responsionem
584 3100 704 3172 postulo.
738 3101 811 3157 Nam
829 3098 852 3152 si
872 3095 950 3150 Deus
968 3093 1009 3146 its
1026 3092 1077 3148 sic·

172 3197 206 3246 ut
229 3189 344 3261 probas,
372 3201 453 3242 suum
482 3186 567 3250 debet
588 3185 725 3245 honorem¹
745 3199 867 3239 servare:
896 3196 946 3233 cur
970 3178 1015 3233 vel
1040 3178 1077 3234 cd

174 3275 314 3332 modicum
330 3273 435 3343 patitur
452 3273 530 3327 illum
548 3271 664 3326 violari?
693 3269 775 3334 Quod
794 3265 867 3346 enim
884 3264 1077 3334 aliquomodo
1097 3301 1098 3304 ι

174 3360 248 3416 icedi
258 3359 365 3427 sinitur,
377 3374 434 3411 non
441 3357 549 3428 integre
558 3371 609 3410 uec
618 3354 740 3426 perfecte
750 3348 913 3405 custoditur.
937 3347 1006 3403 Ans.
1022 3345 1077 3402 Dei
1095 3350 1110 3400 2
