2636 3806
240 275 282 344 ιι
410 273 446 330 s.
463 271 636 332 russum
654 272 962 333 cruruuumusrs

238 460 333 498 omnes
356 443 456 498 Iudaei
483 425 679 514 credidissent,
710 442 815 498 Gentes
842 448 935 498 tamen
960 449 1143 515 vocarentun
1171 435 1173 438 ¹

238 529 305 600 quia
323 529 352 583 ia
373 529 450 584 omni
473 539 568 598 uento,
592 531 642 600 qni
663 530 739 583 timet
758 531 852 582 Deam
869 536 895 582 et
912 537 1048 597 operatur
1065 531 1142 584 iusti·

238 615 322 677 tiam,
350 623 479 685 acceptos
503 624 543 668 eat
567 616 620 669 illi.
630 619 649 682 ¹)
685 613 741 670 Sed
768 614 900 684 quoniam
918 614 1016 668 Iudaei
1033 622 1143 686 aposto·

237 698 279 754 los
305 706 525 768 contemserunt,
549 715 583 754 ea
606 705 674 754 tunc
700 697 754 752 fuit
777 698 899 767 occasio,
927 703 960 752 ut
980 700 1017 754 ad
1038 700 1143 758 Gentes
1206 773 1208 776 Ι

188 789 220 840 19
236 783 279 838 illi
296 790 529 840 converterentur.
564 788 632 839 Bos.
649 783 734 840 Nullo
751 783 833 838 modo
853 784 943 851 video,
961 784 1029 855 quid
1047 793 1144 842 contra

236 869 306 925 haec
330 870 422 925 dicere
444 870 554 940 possim
589 870 659 924 Ans.
694 869 778 925 Unde
800 867 852 923 tibi
879 869 989 925 videtur
1014 871 1142 926 accidere

185 961 219 1014 2⁰
237 954 386 1026 singularis
405 954 455 1010 illa
471 955 580 1016 laetitia
598 956 633 1010 de
652 955 744 1008 alieno
761 953 849 1008 casu?
884 957 952 1010 Bor.
979 955 1143 1026 Undspnisi

237 1040 304 1110 quia
328 1045 420 1094 certus
439 1041 492 1094 erit
509 1039 713 1110 unusquisque,
737 1038 868 1110 quoniam
887 1039 937 1094 ubi
955 1041 1008 1096 crit
1023 1042 1142 1098 nullate·

237 1143 289 1180 nus
307 1119 389 1193 esset,
405 1125 459 1179 nisi
478 1125 550 1198 alius
569 1125 635 1180 inde
653 1124 819 1180 cecidisset?
853 1127 922 1181 Ans.
944 1125 974 1182 si
992 1142 1057 1198 ergo
1070 1127 1143 1184 hanc
1228 1132 1233 1143 '

236 1211 430 1266 certitudinem
457 1195 551 1266 nullus
578 1209 712 1279 haberet,
734 1229 790 1266 non
816 1216 889 1266 esset
912 1212 987 1266 unde
1010 1213 1084 1268 uuas
1107 1213 1142 1267 dc

186 1304 216 1354 21
236 1296 327 1351 alieno
354 1297 454 1351 damno
481 1297 625 1368 gauderet.
661 1297 730 1351 Bos.
763 1297 811 1350 lta
828 1297 945 1352 videtur.
981 1298 1051 1353 Aac.
1086 1297 1142 1354 Pu-

235 1387 314 1436 tasne
329 1380 450 1452 aliquem
475 1381 587 1439 illorum
610 1381 690 1437 habit
678 1386 773 1436 turum
795 1381 868 1436 hanc
883 1382 1090 1448 certitudinem,
1119 1381 1142 1437 si

183 1475 217 1526 22
235 1466 322 1522 multo
339 1467 433 1538 plures
452 1475 534 1522 esunt
550 1485 636 1539 quem
653 1466 702 1537 qui
720 1465 901 1522 ecciderunt?
936 1468 1006 1523 Boo.
1030 1452 1141 1538 Nequa-

235 1569 319 1623 quam
337 1568 449 1622 possum
468 1554 584 1624 opinari,
610 1552 685 1623 quod
704 1567 765 1606 eam
783 1551 886 1606 habeat
906 1558 956 1608 aut
972 1552 1076 1608 habere
1094 1553 1142 1608 de·
1202 1625 1204 1630 ,

234 1637 307 1693 beat.
345 1636 490 1701 Quomodo
515 1655 637 1708 namque
662 1636 723 1706 quis
750 1631 853 1708 poterit
871 1637 954 1700 scire,
979 1641 1072 1692 utrum
1090 1651 1141 1706 pro

234 1720 417 1776 restaurando
441 1721 516 1791 quod
540 1721 719 1776 imminutum·
736 1727 808 1789 erat,
832 1729 882 1777 aut
904 1738 955 1793 pro
978 1721 1142 1791 complendo

235 1807 310 1883 quod
337 1807 459 1860 nondum
485 1806 640 1876 perfectum
667 1812 739 1877 erat,
768 1807 804 1863 de
828 1807 877 1862 iilo
902 1823 1016 1870 numero
1042 1806 1141 1865 consti·

233 1892 355 1948 tuendae
378 1891 498 1946 civitatis
522 1892 559 1946 sit
584 1891 697 1954 factus?
725 1894 775 1948 sed
794 1911 889 1950 omncs
907 1893 975 1949 serti
993 1898 1088 1962 erunt,
1111 1908 1141 1948 se

181 1978 323 2038 refectos
342 1994 402 2033 esse
421 1977 458 2032 ad
475 1976 672 2048 perficiendam
693 1978 771 2035 illem
789 1978 939 2034 civitatem.
976 1980 1045 2032 Aac.
1064 1978 1140 2048 Ergo

234 2065 257 2118 si
274 2065 368 2135 plures
387 2070 469 2120 erunt
494 2079 579 2135 quam
601 2063 711 2134 reprobi
731 2064 837 2135 angeli,
861 2065 955 2120 nullus
971 2063 1073 2135 poterit
1091 2067 1142 2118 aut

233 2149 348 2205 debebit
365 2149 446 2218 sebe,
473 2165 503 2203 se
520 2164 576 2202 non
596 2166 655 2205 esse
676 2148 891 2204 ibiassumtum
906 2149 960 2206 nisi
978 2167 1029 2220 pro
1047 2149 1139 2204 alieno

182 2241 217 2290 24
234 2251 309 2288 casu.
345 2236 412 2289 Bos.
447 2234 552 2290 Verum
576 2240 625 2289 est.
661 2237 732 2290 Aac.
766 2237 829 2293 Non
853 2235 939 2307 igitur
956 2234 1072 2292 habebit
1089 2233 1140 2288 ali·

235 2317 314 2389 quis,
341 2335 391 2373 cur
417 2321 544 2390 gaudere-
562 2320 665 2375 debeat
686 2321 854 2397 dealterius
871 2320 1035 2392 perditione.
1071 2323 1140 2375 Boe.

182 2399 216 2450 ²5
233 2403 278 2458 Ita
296 2395 429 2474 sequitur.
464 2406 534 2461 Aac.
571 2404 641 2459 Cum
661 2404 759 2478 itaque
775 2406 934 2476 videamus,
953 2405 1019 2477 quia
1036 2403 1061 2458 si
1079 2403 1140 2475 plu-
1174 2447 1177 2452 .

232 2505 277 2544 res
297 2495 378 2543 erunt
401 2487 524 2542 homines
541 2489 629 2544 electi
653 2507 737 2560 quem
754 2491 810 2546 sint
828 2491 940 2562 reprobi
959 2489 1068 2561 angeli,
1091 2489 1140 2544 illa

230 2591 289 2630 ‘non
318 2575 477 2645 sequetur2)
509 2573 746 2645 inconvenientis,
778 2593 864 2647 quem
872 2579 893 2642 ³)
922 2577 1001 2648 sequi
1025 2591 1139 2630 necesse

233 2666 288 2730 est,
315 2661 339 2717 si
355 2662 449 2734 plures
473 2673 530 2712 non
554 2664 652 2729 erunt,
674 2667 702 2714 et
724 2677 788 2714 cum
809 2661 983 2732 impossibile
992 2661 1036 2716 ,sit
1051 2659 1139 2714 ullum

232 2746 262 2800 in
286 2746 337 2800 ille
361 2746 473 2802 civitate
498 2745 622 2800 murrum
651 2744 861 2814 inconvenieus,
893 2745 1004 2802 videtur
1026 2756 1138 2802 necesse

233 2848 307 2899 esse,
333 2836 365 2885 ut
389 2831 482 2902 angeli
506 2848 563 2886 non
586 2831 641 2886 sint
663 2829 732 2887 facti
756 2831 786 2885 in
810 2830 859 2884 illo
875 2829 998 2900 perfecto
1015 2845 1138 2897 numero,

233 2923 261 2972 et
284 2917 379 2988 plures
405 2917 492 2971 futuri
519 2917 575 2971 sint
602 2917 677 2972 boati
704 2916 827 2972 homines
855 2932 938 2986 quam
965 2915 1021 2972 siut
1045 2911 1137 2970 miseri

181 3003 333 3076 adaugeri.
370 3007 437 3057 Boe.
468 3002 533 3059 Non
550 3002 640 3068 video,
659 3020 716 3074 qua
731 3000 909 3058 ratione'hoe
927 2999 1023 3072 negari
1041 3003 1134 3070 queat

303 3193 328 3257 1)
346 3192 420 3245 Acta
437 3189 535 3260 Apost.
556 3196 595 3258 10,
615 3197 657 3247 35.

302 3265 477 3394 {morfia
493 3260 599 3313 Aa—
619 3266 750 3328 sequatur
768 3257 850 3312 Abc
867 3256 892 3310 B
912 3221 936 3308 E
954 3255 1013 3309 Fa
