2636 3806
215 320 257 388 84
335 331 336 334 ’
397 318 425 377 S.
444 319 614 378 ausuum
632 317 937 382 CANTUARIENSIS

214 492 350 560 Quoniam
371 491 542 546 voluntatem
563 488 635 544 hmo
655 485 713 550 seio
736 507 781 544 me
803 505 917 562 guare,
943 490 1019 562 qued
1041 489 1114 562 petis

213 596 269 636 non
287 578 410 650 denego;
435 575 485 632 sed
507 573 574 645 quia
592 571 627 630 de
643 573 744 630 futuris
761 575 882 632 insertus
902 593 977 644 sum,
999 575 1114 647 promit·

164 671 197 723 35
212 670 272 722 tare
295 681 352 719 non
376 661 466 718 audeo
490 660 539 716 sed
565 659 620 716 Dei
645 658 818 730 dispositioni
843 658 1018 722 committo¹b
1057 659 1115 716 Sed

111 733 116 746 ⁸
214 751 260 808 die
284 767 371 818 nuno,
397 746 464 818 qnid
493 745 547 802 tibi
575 745 611 800 de
637 745 798 816 quaestione
824 762 908 816 quam
931 744 961 800 iu
977 744 1114 816 prinoipio

213 833 393 909 proposuisti,
421 837 535 904 propter
564 846 647 902 quam
675 829 747 886 alise
763 831 868 888 multas
886 847 915 886 se
930 830 1114 902 ingesserunt,

163 922 196 979 36
213 920 424 996 persolvendum
447 917 581 972 vidsatru.
618 920 687 971 Bos.
722 915 836 992 Summa
859 916 1027 996 quaestionis
1052 915 1114 986 fuit,

213 1021 262 1064 eur
280 1005 358 1060 Deua
375 1002 456 1058 homo
474 1001 566 1056 faetus
582 1000 632 1070 sit,
648 1005 681 1054 ut
697 1017 748 1072 per
766 1007 882 1064 mortem
899 1017 979 1056 suam
996 1001 1116 1058 salvaret

211 1088 364 1158 hominem,
386 1104 450 1143 oum
473 1085 527 1142 hoc
551 1085 605 1140 olio
631 1087 713 1141 modo
730 1086 854 1158 potuisse
870 1085 962 1142 farem
979 1085 1114 1144 videatur.

162 1175 194 1228 ³7
212 1175 260 1230 Ad
278 1191 361 1246 quam
379 1179 412 1228 tu
430 1171 524 1228 multis
550 1174 578 1226 et
594 1171 757 1226 necessariis
773 1170 926 1229 rationibus
943 1171 1114 1242 respondens

213 1258 357 1315 ostendisti
396 1257 625 1314 restaurationem
656 1257 793 1315 humanae
829 1263 947 1312 naturae
977 1273 1033 1312 non
1065 1256 1113 1312 de-

211 1344 305 1402 buisse
326 1359 467 1400 remanere
489 1361 541 1399 nee
564 1344 688 1418 potuisse
714 1342 788 1414 fieri,
813 1341 867 1398 nisi
890 1341 1009 1398 solveret
1030 1341 1113 1398 homo

212 1432 288 1504 qood
309 1447 360 1502 pro
382 1435 497 1501 peceato
517 1430 580 1485 Deo
604 1429 738 1499 debebst3
763 1429 839 1500 quod
859 1426 985 1483 debitum
1004 1433 1114 1490 tantem
1154 1501 1156 1506 ι

213 1523 285 1587 erat,
304 1515 437 1586 utillud,
455 1531 518 1570 oum
535 1532 592 1570 non
609 1515 723 1570 deberet
740 1513 846 1569 solvere
862 1512 917 1568 uisi
935 1512 1030 1583 homo,
1057 1531 1113 1572 non

212 1608 306 1672 posset
329 1601 382 1656 nisi
400 1600 494 1670 Dens;
517 1600 558 1656 ita
579 1606 612 1655 ut
633 1599 707 1654 idem
724 1603 797 1654 esset
815 1597 897 1653 homo
916 1599 964 1670 qui
983 1604 1012 1654 et
1026 1599 1114 1654 Deus.

162 1692 195 1744 38
211 1687 295 1746 Unde
316 1701 430 1742 neeesse
452 1691 511 1740 erat
533 1689 566 1738 ut
582 1684 659 1738 Deua
682 1689 834 1738 muneret
853 1683 991 1740 hominem
1008 1684 1037 1738 in
1053 1684 1114 1738 nni·

168 1819 170 1826 .
211 1777 297 1828 tatem
314 1785 461 1842 personae,
487 1775 623 1840 quatenus
641 1768 690 1840 qui
707 1767 737 1822 in
753 1774 854 1824 nanus
867 1769 975 1826 solvere
992 1769 1115 1826 debebat

161 1864 195 1916 39
212 1859 241 1910 et
259 1870 314 1909 non
338 1859 462 1924 poterat,
484 1853 512 1908 in
534 1870 654 1924 persons
671 1858 744 1908 esset
761 1869 832 1924 quae
848 1861 950 1923 posset.
984 1855 1114 1927 Denique

154 1941 155 1946 ’
204 1938 279 2011 ‘qnia
302 1939 337 1994 de
354 1939 471 2011 Virgine
495 1945 524 1994 et
546 1955 565 1994 a
586 1955 705 2010 persona
721 1938 786 1994 Filii
803 1939 857 1994 Dei
882 1947 956 1996 esset
974 1957 1114 1998 assumen-

212 2025 264 2080 dus
287 2025 369 2080 homo
390 2025 453 2094 iile,
477 2023 525 2095 qui
548 2023 626 2079 Deus
652 2030 740 2094 esset;
767 2030 795 2080 et
814 2025 951 2096 quomodo
974 2026 1033 2082 sine
1050 2043 1113 2100 peo—

212 2115 274 2164 eato
301 2111 336 2166 de
363 2127 454 2166 masse
479 2109 636 2181 pesestrioe
662 2109 765 2164 assumi
781 2108 918 2182 potuerit,
946 2111 1113 2168 monstrasti.

159 2203 194 2255 to
211 2194 307 2251 Vitam
333 2200 425 2251 sutem
448 2195 530 2251 huius
556 2193 674 2251 hominis
700 2201 758 2250 tem
776 2196 922 2252 sublimem
937 2202 996 2252 tam
1012 2197 1113 2268 pretio·

212 2297 271 2338 sam
295 2280 466 2351 apertissime
488 2281 626 2352 probasti,
651 2286 683 2336 ut
705 2280 833 2338 sufficere
848 2281 937 2352 possit
953 2282 989 2336 ad
1007 2283 1113 2340 solven-

213 2365 279 2420 dum
305 2364 381 2436 quod
404 2383 455 2437 pro
480 2366 602 2437 peccatis
625 2366 710 2422 totius
731 2367 828 2422 mundi
851 2366 979 2438 debetur,
1003 2374 1032 2423 et
1049 2368 1112 2439 plus

211 2451 241 2506 in
258 2449 404 2506 infinitum.
441 2451 539 2509 Restat
557 2468 623 2524 ergo
647 2469 722 2508 nuno
739 2453 893 2524 ostendere,
912 2453 1049 2524 quomodo
1064 2453 1114 2510 ills
1143 2455 1148 2460 “

211 2535 332 2594 solvatur
349 2536 411 2592 Deo
428 2553 479 2606 pro
496 2538 619 2606 peosstis
636 2537 786 2594 homiuum.

282 2913 307 2979 t)
331 2911 502 2966 Retuuotsvit
523 2911 596 2966 hone
619 2911 764 2968 materiam
788 2912 815 2968 S.
832 2912 981 2968 Auselmus
999 2913 1112 2970 biennio

210 2981 296 3036 sume
312 2986 377 3052 post
394 2980 423 3034 in
440 2979 520 3050 libro,
537 2997 619 3062 quem
637 2985 691 3052 „de
708 2991 840 3051 eossoeptu
855 2982 993 3050 sirpioals'
1012 2991 1039 3036 et
1056 2984 1112 3037 ori·

200 3051 303 3118 pinati
314 3056 448 3171 fseoocsto‘⁶
471 3049 634 3120 insonptum
657 3051 697 3106 ad
718 3051 855 3105 Bosonsm
876 3049 975 3106 direxit
995 3051 1110 3120 (Gerbe-

210 3137 264 3172 rors
283 3118 332 3173 fo.
351 3125 382 3173 97
405 3119 468 3189 sq.),
495 3124 523 3173 st
566 3118 659 3175 uidem
689 3120 729 3173 its
778 3125 809 3172 ut
835 3118 927 3173 Deum
953 3119 1112 3175 monstrarit

210 3186 293 3242 etiam
317 3188 351 3242 de
374 3185 534 3268 peccatricis
584 3186 682 3260 irginis
704 3158 871 3256 substantie,
898 3189 1029 3260 quoniam
1046 3207 1111 3243 nus·

210 3272 293 3327 quam
318 3256 404 3309 sitm
425 3255 542 3310 homnns
566 3261 667 3310 nabars
689 3263 798 3336 praeter
822 3258 994 3312 voluntatem
1012 3273 1111 3330 peooo·

209 3331 276 3393 tum,
293 3323 398 3404 prolem
417 3323 546 3378 debuisse
563 3325 750 3392 iustam,1m0
769 3342 825 3380 non
842 3326 896 3380 nisi
915 3325 1030 3398 iustum,
1046 3343 1111 3398 pro·

208 3399 358 3465 psgabons
374 3408 430 3447 non
448 3392 569 3447 naturali
585 3395 745 3464 produoere.
