2636 3806
406 291 484 351 OUR
501 291 604 352 Deus
619 291 739 352 HOMO.
772 294 811 352 11.
831 301 854 351 7.
876 299 899 352 8.
1060 291 1104 360 59

194 478 307 518 neeesse
330 470 383 532 est,
408 469 441 518 ut
468 463 504 518 de
529 463 624 518 Adam
648 469 806 519 assumatur
825 464 921 534 homo,
943 481 996 536 per
1022 481 1105 538 quem

195 551 367 604 restauretur
387 565 476 621 genus
500 549 589 604 Aduo.
640 551 705 604 Boo.
740 548 770 605 Si
796 550 932 608 rationem
955 549 1104 623 sequimur,

196 632 268 688 nont
284 634 487 706 proposuimus,
514 634 567 692 hoo
585 634 783 690 inevitabiliter
799 641 909 706 oportet
929 653 996 692 esse.
1032 636 1104 694 Ans.
1123 637 1155 689 10

195 718 398 792 Investigemus
421 737 508 790 nuno,
531 727 624 777 utrum
647 721 813 776 monmorde
836 721 875 778 sit
891 738 909 776 s
925 722 987 777 Deo
1004 727 1106 778 nuturu

196 803 314 860 hominis
336 806 372 864 de
395 813 475 879 petre
493 807 572 864 etde
590 811 694 876 matre,
718 805 790 864 siout
808 805 857 862 ulii
882 811 948 862 sunt
972 806 1106 878 hominen,

195 897 245 946 eut
265 891 300 948 de
317 891 376 947 viro
395 893 456 949 eine
470 892 588 963 femine,
612 897 662 948 eut
680 890 834 948 desemine
850 892 911 950 siue
928 892 997 950 viro.
1031 893 1105 951 Nem
1124 895 1154 950 11

196 992 363 1050 quoeunque
386 979 469 1078 ¹l¹⁰d⁰
492 996 526 1035 ex
547 979 591 1034 bis
615 978 705 1034 tribus
732 978 823 1033 modis
840 977 888 1048 sit,
912 978 947 1034 de
966 978 1060 1034 Auum
1077 983 1106 1033 et

197 1059 232 1117 do
249 1061 310 1118 Eva
328 1063 388 1133 erit,
408 1065 443 1120 de
464 1065 566 1136 quibus
584 1071 628 1120 eet
645 1064 734 1120 omnis
751 1065 833 1122 bomo
850 1064 994 1136 utriusque
1014 1081 1106 1133 serus,

195 1163 247 1204 nee
264 1148 366 1220 uliquis
384 1151 483 1206 modus
508 1169 542 1207 ex
564 1151 654 1206 tribus
677 1150 721 1206 bis
746 1149 855 1206 fecilior
881 1155 925 1206 est
941 1150 1004 1206 Deo
1020 1167 1105 1224 quum

195 1231 256 1302 elii,
288 1237 321 1288 ut
351 1251 384 1291 oo
416 1237 498 1292 modo
528 1237 621 1308 potius
644 1235 746 1291 debent
773 1235 885 1291 resumi.
926 1238 994 1291 Bos.
1028 1237 1107 1292 Bene

193 1318 332 1387 procedis.
367 1320 438 1380 Aue.
472 1322 579 1379 Verum
601 1340 658 1378 non
683 1327 725 1376 est
747 1338 817 1392 opus
834 1321 923 1378 multo
939 1321 1050 1392 laboro,
1073 1325 1108 1376 ut
1125 1323 1157 1374 12

196 1405 366 1475 ostendetur,
384 1405 452 1478 quie
469 1406 599 1462 mundius
618 1413 648 1462 et
664 1406 808 1463 honestius
818 1406 1010 1478 procreabitur
1022 1406 1107 1462 homo

194 1488 243 1545 ille
268 1491 304 1546 do
334 1492 394 1549 solo
424 1491 484 1547 viro
512 1492 557 1547 rel
588 1491 693 1547 femine
722 1511 806 1564 quem
844 1493 879 1550 de
912 1491 1107 1548 commixtione
1158 1501 1160 1508 ’

196 1574 358 1648 utriusque,
382 1575 456 1632 siout
471 1595 565 1634 omnes
582 1579 631 1634 ulii
647 1577 697 1632 filii
716 1578 864 1634 bominum
899 1579 967 1632 Bor.
987 1575 1105 1634 Sufficit.

197 1659 266 1715 Aur.
300 1660 361 1717 Aut
385 1677 453 1734 ergo
478 1663 594 1719 desolo
619 1664 679 1720 viro
701 1668 752 1719 eut
775 1664 811 1719 de
831 1664 1158 1720 solumbonum-1³

197 1746 312 1802 meudun
331 1753 380 1803 est
415 1752 485 1806 Bor.
519 1749 643 1806 Aliunde
666 1765 723 1804 non
739 1753 840 1820 potest.
875 1751 945 1804 Aur.
981 1748 1107 1815 Quotuor
1126 1753 1158 1806 14

199 1830 288 1885 modis
315 1840 407 1904 potest
423 1834 501 1891 Deus
531 1835 623 1891 faeere
653 1833 807 1902 hominem3
835 1833 965 1892 videlieet
994 1841 1044 1892 eut
1071 1835 1107 1892 de

198 1913 258 1973 viro
283 1920 312 1972 et
334 1919 369 1974 de
391 1917 509 1990 semiue,
538 1919 611 1976 sieut
636 1920 765 1977 assiduus
790 1939 857 1976 usus
880 1925 1031 1990 monstrut3
1057 1928 1107 1977 eut

199 2017 251 2068 neo
269 2001 304 2058 de
330 2003 389 2060 viro
409 2021 461 2060 neo
487 2004 523 2059 de
547 2003 666 2076 femine,
693 2005 767 2062 siout
791 2005 1028 2068 trevirenses:
1057 2011 1108 2062 eut

200 2087 236 2144 de
258 2087 318 2143 viro
340 2088 401 2146 sino
427 2088 545 2158 femine,
571 2090 644 2147 siout
668 2091 736 2148 feeit
752 2091 855 2160 Evum3
885 2095 935 2146 eut
951 2091 987 2148 de
1002 2089 1108 2148 femine

198 2171 259 2228 eino
280 2173 354 2244 viro,
377 2175 450 2246 quod
476 2175 600 2231 nondum
621 2175 697 2232 feeit.
732 2177 774 2234 Ut
795 2175 881 2249 iffl‘tur
902 2175 1107 2249 huncquoque
1125 2171 1157 2223 15

198 2257 314 2314 modum
333 2260 433 2331 probet
452 2278 520 2318 suee
537 2260 681 2318 subiecere
698 2262 831 2334 poteststi
849 2268 877 2318 ot
894 2261 931 2318 ud
942 2262 997 2318 hoo
1014 2261 1107 2333 ipsum

198 2361 269 2416 opus
288 2344 406 2400 dilutum
429 2363 505 2417 esse,
530 2347 601 2404 nihil
627 2347 835 2404 oonvurientius
860 2364 944 2420 quem
962 2354 995 2406 ut
1012 2347 1047 2403 de
1066 2346 1107 2404 fe·

198 2430 275 2488 mine
292 2429 354 2484 eine
380 2430 439 2489 viro
462 2439 587 2488 assumet
609 2433 689 2488 illum
711 2434 863 2506 hominem,
890 2450 974 2508 quem
999 2433 1108 2505 quoeri-

197 2533 268 2574 mus.
311 2516 414 2574 Utrum
440 2524 534 2574 eutem
560 2518 596 2573 de
622 2518 740 2592 Virgine
768 2527 818 2576 eut
845 2520 882 2576 de
907 2536 964 2574 non
989 2518 1108 2589 Virgine
1127 2517 1158 2570 16

199 2602 312 2674 dignius
329 2601 382 2658 hoo
398 2601 462 2673 fiet,
481 2620 537 2660 non
555 2610 599 2659 est
614 2620 685 2674 opus
703 2604 853 2676 disputare,
878 2605 928 2662 sed
954 2604 1015 2660 sino
1033 2601 1109 2660 omni

201 2687 374 2746 dubitatione
399 2689 578 2746 asserendum
604 2696 659 2760 est,
687 2690 754 2761 quie
780 2692 816 2748 de
842 2689 960 2761 Virgine
968 2689 989 2761 ¹)
1015 2688 1108 2746 Deum

199 2770 338 2830 homiuem
360 2774 440 2830 nnsoi
463 2780 580 2846 oportet
616 2777 685 2830 Bos.
720 2775 879 2836 Secundum
894 2775 1030 2847 plseitum
1048 2791 1108 2832 oor·

201 2856 245 2911 dis
268 2858 323 2913 mei
347 2858 479 2930 loqueris.
515 2859 585 2912 Aur.
619 2859 707 2918 Estne
731 2861 850 2918 solidum
874 2859 928 2916 hoe
945 2863 1022 2934 quod
1039 2861 1107 2916 dixi-
1128 2859 1158 2912 ll

201 2959 271 3012 mus,
290 2949 338 2998 eut
355 2960 459 2999 venum
473 2943 580 3016 eliquid
591 2943 665 2999 siout
681 2943 780 3014 nubes,
799 2945 874 3018 quod
887 2947 981 3003 dixisti
990 2949 1012 3016 ¹)
1025 2945 1108 3003 uobis

198 3026 327 3083 infideles
355 3027 496 3086 obiicere?
543 3031 612 3084 Bor.
647 3029 724 3086 Nihil
749 3031 874 3088 solidius.
915 3037 984 3088 Aur.
1018 3029 1109 3106 Pinge
1129 3031 1160 3088 lb

199 3109 286 3186 igitur
318 3130 375 3170 non
405 3131 490 3185 super
517 3112 612 3170 fiotum
636 3116 787 3174 venitotem
816 3117 867 3174 sed
890 3132 975 3188 super
990 3115 1110 3176 solidum

269 3283 296 3354 1)
316 3282 373 3341 cfr.
390 3283 465 3342 inire
479 3303 503 3342 e.
524 3292 555 3344 lu
572 3303 598 3344 n.

267 3357 295 3420 2)
313 3352 371 3409 Cir.
388 3354 452 3411 Lib.
471 3355 493 3411 I.
510 3372 535 3411 e.
553 3363 579 3412 4.
