2636 3806
218 278 270 346 ·88
412 281 439 338 S.
456 277 626 336 nussum
643 275 949 334 cnnwnnmnsls

227 445 325 516 hebet,
353 447 418 517 quio
439 447 527 504 Filius
551 453 649 519 sponte
674 463 704 501 se
720 447 813 518 ipsum
829 447 908 502 Patri
935 445 1050 512 obtulit;
1077 447 1129 503 hoo

227 547 348 603 nemque
369 533 451 588 nodo
477 515 662 604 apertissime*
674 532 787 600 dieitur,
809 531 876 602 quio
896 538 925 588 et
946 533 976 586 in
997 549 1054 587 una
1068 549 1129 602 per·

228 631 296 672 sono
312 622 387 672 totus
403 617 481 674 Dens
504 617 550 674 oni
575 620 727 674 seeundum
745 617 882 674 hominem
899 633 929 671 se
948 616 1062 686 obtulit,
1088 617 1129 671 in·

227 700 375 772 telligitur3
393 709 421 758 et
437 721 487 773 per
499 721 599 760 nomen
609 704 702 759 Patris
721 709 749 758 et
759 703 825 758 Filii
842 704 975 772 immense
992 703 1130 774 quaedem

228 785 259 840 in
281 786 411 844 cordibus
435 788 619 857 audientium,
644 806 707 844 oum
729 789 841 844 Patrem
864 789 951 844 Filius
974 788 1026 844 hoo
1048 789 1130 845 modo

228 872 369 941 postulare
383 891 434 943 pro
452 872 531 929 nobie
550 873 666 944 dieitur,
690 875 779 945 pietas
804 875 928 930 sentitur,
964 876 1032 928 Bos.
1068 874 1129 930 Hoe

227 955 407 1014 libentissime
422 959 537 1029 accipio.

197 1120 209 1171 l
310 1093 379 1180 19.
422 1130 492 1182 Am·
527 1130 716 1199 intueamur1)
745 1149 820 1186 nuno
857 1139 940 1203 prout
975 1149 1130 1201 possumus,

232 1215 336 1281 quanto
362 1212 427 1268 inde
456 1215 564 1271 ratione
593 1222 725 1287 sequatur
754 1219 876 1272 humano
903 1218 1027 1271 salvatio.
1062 1219 1130 1270 Boo.

229 1293 276 1349 Ad
294 1296 346 1352 hoo
372 1301 462 1355 tendit
486 1318 533 1356 oor
555 1319 657 1358 meum.
693 1303 765 1359 Nam
790 1303 914 1374 quamvis
935 1303 988 1357 hoe
1007 1302 1074 1358 mihi
1093 1302 1131 1356 ri·

229 1381 296 1436 deor
323 1383 491 1458 intelligere,
519 1387 608 1458 ipsam
634 1395 728 1444 tamen
752 1388 867 1444 rationis
892 1388 1092 1444 contextionem
1115 1403 1133 1442 e

192 1464 212 1517 2
229 1470 258 1520 te
274 1467 337 1522 volo
348 1467 416 1524 fieri
444 1474 513 1528 Ans.
531 1473 673 1539 Quantum
685 1480 777 1530 eutem
794 1474 831 1529 sit
843 1475 918 1544 quod
935 1473 1023 1528 Filius
1035 1480 1133 1544 sponte

178 1557 202 1602 ,'
230 1550 320 1621 dedit,
344 1573 401 1612 non
416 1566 459 1614 est
476 1577 546 1631 opus
570 1577 713 1631 exponere.
748 1562 817 1614 Boo.
853 1558 1030 1615 Sufficienter
1046 1565 1132 1630 petet

196 1636 299 1693 enm.
332 1639 404 1696 Eum
425 1652 518 1701 eutem
543 1645 592 1716 qui
615 1651 724 1699 tontum
751 1645 854 1699 donum
875 1651 973 1715 sponte
996 1646 1046 1699 dot
1061 1644 1133 1712 Deo,
1196 1647 1200 1658 '

197 1721 289 1778 tsine
306 1725 486 1784 retributione
511 1731 612 1785 debere
635 1747 695 1784 esse
718 1747 774 1784 non
791 1729 935 1785 iudicabis.
970 1731 1038 1784 Bos.
1073 1728 1133 1782 Inro

230 1824 343 1864 neeesse
367 1827 433 1868 esse
452 1814 549 1884 video,
578 1821 610 1869 ut
632 1814 716 1870 Peter
734 1814 807 1870 Filio
833 1814 983 1883 retribuat3
1010 1813 1133 1885 alioquin

231 1898 281 1948 out
296 1893 416 1952 iniustus
434 1916 494 1956 esse
512 1901 622 1956 videtur
645 1901 669 1954 si
690 1900 789 1969 nollet,
813 1906 862 1955 aut
879 1900 1015 1970 impotens
1033 1900 1056 1954 si
1077 1917 1133 1954 non

197 1973 213 2025 5
229 1988 340 2051 posset3
357 1999 430 2053 quoe
447 1986 539 2042 aliene
556 1992 622 2042 sunt
639 2003 656 2040 a
673 1985 742 2040 Deo.
777 1988 846 2040 Ans.
869 1985 923 2050 Qui
941 1985 1069 2042 retribuit
1085 1985 1133 2039 nii·

231 2064 290 2134 eui,
313 2073 363 2122 ent
382 2069 431 2126 det
448 2072 523 2143 quod
539 2071 587 2126 ille
603 2088 660 2126 non
676 2072 774 2139 hebet,
801 2079 851 2126 eut
868 2071 983 2126 dimittit
1003 2071 1078 2142 quod
1097 2070 1133 2125 eb

228 2149 278 2206 illo
295 2162 388 2224 potest
406 2159 487 2231 exigi.
522 2158 604 2212 Prius
627 2164 720 2212 eutem
745 2173 828 2228 quum
847 2165 951 2212 tanum
969 2172 1027 2211 rem
1044 2155 1133 2210 Filius

229 2235 349 2310 moret,
374 2245 465 2300 omnia
488 2260 560 2317 quae
583 2235 675 2298 Petris
701 2248 792 2313 erant,
818 2259 870 2297 sun
894 2249 986 2311 erant,
1010 2257 1061 2296 neo
1084 2256 1134 2294 un·

197 2319 315 2394 flquurn
335 2326 445 2398 debuit,
469 2329 545 2400 quod
571 2327 612 2383 illi
630 2327 730 2383 dimitti
747 2328 842 2399 possit.
881 2327 954 2392 Quid
973 2343 1039 2401 orgo
1056 2325 1135 2380 retri-

231 2409 332 2468 tuetur
349 2413 452 2467 nullius
478 2414 518 2468 rei
537 2413 645 2485 egenti,
671 2420 699 2468 et
715 2413 761 2467 oui
779 2431 834 2469 non
854 2421 897 2468 est
916 2413 990 2484 quod
1007 2411 1069 2467 deri
1086 2418 1135 2466 aut

231 2493 333 2552 dimitti
356 2499 464 2568 possit?
499 2502 569 2556 Bos.
604 2499 648 2553 Ex
676 2515 733 2554 unu
757 2506 837 2570 parte
860 2498 941 2555 video
962 2498 1135 2555 retribuendi

230 2582 424 2638 nenessitatem
448 2593 477 2640 ot
499 2601 532 2640 ex
554 2585 644 2639 altero
666 2584 932 2654 impossibilitatem,
957 2585 1023 2656 quio
1042 2590 1072 2640 et
1088 2600 1135 2638 ne-

231 2683 309 2724 eesse
326 2674 369 2724 est
383 2669 476 2724 Deum
495 2669 612 2724 reddere
630 2669 705 2740 quod
722 2669 813 2739 debet,
831 2676 859 2725 et
875 2687 931 2724 non
950 2676 992 2724 est
1010 2669 1056 2724 oui
1073 2669 1135 2724 red·

199 2749 290 2810 idos
325 2757 395 2810 Am.
423 2755 454 2811 Si
480 2761 559 2810 tento
584 2759 613 2810 et
633 2761 691 2809 turn
709 2754 807 2810 *debite
832 2771 936 2810 meroes
953 2771 1004 2810 neo
1025 2755 1066 2810 illi
1083 2771 1135 2810 neo

214 2837 281 2893 odii
299 2837 436 2909 redditur,
460 2840 490 2895 in
511 2857 613 2896 renum
631 2839 719 2896 Filius
744 2845 851 2901 tuntum
868 2857 927 2895 rem
943 2839 1044 2896 fecisse
1060 2839 1135 2895 ride-

199 2921 214 2972 8
232 2924 314 2982 bitur.
350 2927 419 2979 Boo.
438 2926 500 2982 Hoe
516 2926 596 2983 nefus
615 2933 658 2982 est
674 2925 829 2982 aestimare
863 2926 934 2980 Aoo.
955 2925 1076 2982 Nooosse
1093 2931 1136 2981 est

231 3029 298 3085 ergo
317 3018 350 3067 ut
369 3011 455 3068 nlioui
472 3013 521 3067 elii
538 3013 684 3080 reddetur,
707 3011 774 3082 qnia
794 3010 836 3064 illi
858 3027 915 3064 non
931 3017 1030 3082 potest
1065 3014 1134 3066 Boo.

198 3091 434 3153 tinsrinbilieer
458 3096 588 3170 sequitur.
634 3099 704 3152 Am.
741 3096 771 3152 si
794 3095 913 3150 voluerit
940 3096 1029 3151 Filius
1060 3095 1136 3168 quod

304 3351 328 3418 ι)
347 3337 382 3404 n
398 3350 480 3407 uses.
499 3349 544 3406 hu
562 3349 660 3422 incipit
677 3365 702 3404 e.
723 3353 763 3406 ro.
