2636 3806
377 299 575 360 coenans
592 301 710 386 nouo.
745 301 782 358 11.
804 308 841 359 ιτ.
861 305 901 357 ιε.
1057 301 1099 371 85

278 469 344 562 18⁴
394 510 466 566 Aac.
491 509 549 576 Si1)
565 513 680 580 propter
704 506 838 562 iustitiam
862 521 892 560 se
911 504 1037 576 permisit
1055 513 1098 560 oc·
1118 503 1131 554 1

201 592 273 662 cidi,
300 611 390 650 nonne
408 597 444 652 ad
461 596 591 652 honorem
613 593 668 650 Dei
691 593 776 648 vitam
800 607 879 646 suam
902 589 996 646 dedit?
1031 589 1133 648 ΒΜ

201 677 232 734 Si
251 697 363 748 possum
380 679 535 751 intelligere
553 679 627 750 quod
644 695 701 733 non
718 677 823 746 dubito,
843 675 968 748 quamvis
988 694 1044 732 non
1061 679 1100 732 vi·

193 763 283 824 „deam
302 766 438 836 quomodo
460 763 660 820 rationabiliter
682 763 734 818 hoc
753 761 863 832 fecerit3
886 768 994 818 etcum
1013 767 1042 818 et
1060 763 1100 818 iu·

201 848 304 904 stitiam
321 849 553 905 indeclinabiliter
568 854 596 904 et
612 848 699 902 vitam
713 864 793 902 suam
805 847 980 904 aeternaliter
991 847 1101 904 serene

201 935 336 1004 potuerit,
361 935 470 991 fatebor
487 934 567 988 illum
584 933 640 989 tele
657 933 726 1004 quid
743 939 841 1004 sponte
858 933 967 990 dedisse
983 934 1045 990 Deo
1064 935 1101 990 ad

200 1017 332 1076 honorem
348 1021 437 1089 illius,
459 1020 506 1074 cui
533 1019 664 1090 quicquid
690 1018 765 1088 quod
781 1017 859 1074 Deus
884 1037 939 1074 non
962 1025 1005 1075 est
1028 1037 1100 1076 com·

200 1106 293 1174 parari
310 1124 366 1162 non
382 1110 488 1177 potest,
512 1110 540 1160 et
564 1104 639 1175 quod
662 1120 712 1174 pro
729 1102 855 1163 omnibus
874 1106 997 1160 onmium
1014 1106 1101 1162 hemi·

200 1208 267 1245 num
286 1191 385 1254 debitis
410 1190 612 1260 recompensari
627 1194 727 1260 potest.
761 1190 829 1242 Aea.
864 1189 910 1244 An
929 1208 984 1246 non
1001 1191 1133 1248 intelli-³

198 1275 259 1344 gis,
284 1275 350 1346 quia
372 1293 435 1331 cum
460 1276 573 1332 iniuriae
594 1283 622 1334 et
641 1274 820 1330 contumelias
839 1281 867 1331 et
881 1284 997 1332 monem
1013 1277 1102 1333 crucis

201 1374 266 1412 cum
282 1359 436 1416 latronibus
461 1361 515 1417 eibi
537 1359 621 1430 (sicut
637 1364 749 1430 supra2)
769 1360 897 1429 diximus)
915 1369 1029 1433 propter
1046 1361 1101 1418 ius-

200 1444 291 1500 titiam
316 1463 399 1518 quam
421 1447 581 1504 obedienter
596 1445 732 1514 servabat,
748 1445 840 1500 illatas
858 1447 979 1518 benigna
995 1447 1102 1517 patien-

96 1539 98 1549 “
201 1529 242 1584 tia
271 1532 416 1602 sustinuit;
453 1533 615 1603 exemplum¹
644 1531 722 1586 dedit
759 1531 929 1600 hominibus,
965 1537 1102 1604 quatenus

203 1622 317 1687 propter
337 1619 414 1674 nulla
438 1618 611 1674 incommoda
636 1632 708 1688 quae
735 1617 837 1672 sentire
860 1625 990 1687 possunt,
1018 1635 1039 1673 a
1061 1619 1102 1674 iu·

202 1701 278 1757 stitia
291 1720 375 1773 quam
387 1703 448 1758 Deo
462 1703 572 1773 debent,
590 1703 744 1773 declinent;
765 1703 839 1774 quod
851 1702 962 1759 minime
973 1704 1103 1774 dedisset,
1211 1692 1212 1696 ἵ

202 1788 227 1842 ei
250 1789 401 1842 secundum
428 1788 580 1858 potentiam
609 1804 686 1842 suam
713 1793 834 1844 'mortem
855 1806 906 1859 pro
935 1789 986 1844 tali
1018 1805 1103 1845 cansa

203 1873 309 1928 illatam
329 1873 512 1935 declinasset?
547 1877 615 1928 Boe.
642 1873 761 1929 Videtur
786 1874 861 1944 quod
878 1873 938 1944 ipse
954 1875 1034 1931 nulla
1050 1875 1103 1931 hoc
1119 1866 1137 1918 4

203 1961 359 2030 exemplum
382 1959 548 2016 necessitato
572 1958 691 2028 dederit,
716 1959 846 2030 quoniam
871 1958 953 2012 multi
971 1967 1036 2014 ante
1054 1960 1103 2014 ad·

203 2052 316 2100 ventum
346 2045 404 2100 eius
434 2049 463 2098 et
494 2043 612 2103 Ioannes
641 2044 763 2113 baptista
789 2048 853 2113 poet
872 2042 1020 2098 adventum
1038 2049 1104 2098 ente

203 2133 319 2183 mortem
345 2127 419 2196 eius,
445 2126 553 2191 fortiter
578 2134 692 2183 mortem
718 2147 782 2199 pro·
795 2127 911 2182 veritate
937 2127 1103 2186 sustinentes

174 2257 176 2260 .
202 2212 273 2267 illud
296 2213 466 2268 sufficienter
490 2212 599 2267 dedisse
625 2217 784 2267 noscuntur.
825 2213 894 2267 Aes.
928 2212 1030 2269 Nullus
1054 2209 1136 2268 un-5

204 2313 288 2368 quem
316 2297 397 2360 homo
428 2303 538 2367 praeter
565 2297 644 2352 illum
675 2297 816 2353 moriendo
842 2299 903 2354 Deo
928 2298 1005 2354 dedit
1029 2301 1104 2370 quod

203 2383 354 2455 aliquando
379 2382 543 2438 necessitate
568 2381 725 2452 perditurus
750 2387 806 2438 ntn
837 2391 915 2454 erut,¹
943 2390 992 2439 aut
1021 2385 1105 2441 solvit

203 2470 278 2540 quod
295 2485 351 2524 non
368 2467 496 2523 debebat
531 2466 583 2524 Ille
601 2484 666 2523 vero
689 2475 787 2540 sponte
803 2465 882 2530 Patri
905 2469 1006 2526 obtulit
1028 2469 1103 2542 quod

202 2554 280 2610 nulla
297 2553 461 2610 necessitate
477 2570 601 2624 unquam
626 2553 775 2609 amissurus
803 2560 878 2626 erat,
905 2559 934 2611 et
955 2555 1037 2632 solvit
1053 2571 1103 2626 pro

203 2641 394 2711 peccatoribus
415 2638 489 2711 quod
506 2656 557 2709 pro
581 2655 611 2694 se
627 2656 684 2695 non
702 2639 830 2696 debebat
865 2639 1040 2711 Quapropter
1056 2639 1103 2696 ille
1121 2642 1136 2692 6

204 2726 292 2780 multo
331 2725 420 2796 magis
450 2724 527 2779 dedit
558 2724 725 2796 exemplum,
754 2731 786 2780 ut
813 2725 1001 2797 unusquisque
1029 2725 1104 2797 quod

203 2811 354 2883 aliquando
378 2811 569 2866 incunctanter
592 2811 742 2865 amissurus
766 2815 822 2879 est,
848 2827 945 2880 prose
965 2811 1026 2882 ipso
1043 2811 1103 2868 red·

205 2898 271 2953 dere
294 2896 370 2962 Deo,
398 2913 462 2950 cum
486 2894 556 2949 ratio
578 2895 713 2964 postulat,
740 2912 796 2950 non
819 2895 942 2966 dubitet,
968 2897 1016 2968 qui
1041 2911 1104 2949 cum
1148 2912 1154 2926 ⁸

204 2980 361 3039 nullatanus
379 2986 428 3035 aut
444 2996 493 3051 pro
520 2996 550 3037 se
575 2978 712 3050 indigeret
736 2986 786 3036 aut
803 2987 950 3052 cogeretur
966 2995 1017 3051 pro
1035 2978 1103 3047 aliis,

205 3066 307 3138 quibus
326 3065 393 3121 nihil
410 3065 463 3120 nisi
479 3079 597 3136 poenam
616 3063 750 3133 debebat,
776 3068 834 3118 tam
852 3062 1000 3134 pretiosam
1018 3061 1104 3116 vitam

278 3308 302 3374 1)
322 3305 356 3364 n
377 3305 459 3360 uso.
474 3303 520 3360 ns
538 3303 635 3376 incipit
650 3321 673 3360 c.
695 3305 734 3360 rs.
942 3273 945 3280 ’

275 3377 301 3444 2)
322 3375 378 3432 Gir.
400 3390 424 3429 e.
449 3379 488 3441 11,
509 3377 541 3428 25
559 3390 601 3445 sq.
823 3381 826 3388 '
