2636 3806
252 309 295 376 20
433 304 971 365 s.ANsu1fflomwnmms
1009 298 1016 311 '

252 476 306 532 hoo
332 475 415 532 modo
441 476 538 532 voluit
572 475 646 532 Nem
673 480 702 532 et
731 475 927 532 inconveniens
954 473 1068 532 videtur·
1098 493 1160 532 esse

252 560 328 631 Deo,
350 561 490 618 hominem
514 561 568 617 hoc
591 561 674 616 modo
696 561 833 627 salvasse3
861 576 912 615 nec
935 566 1067 634 apparet,
1091 561 1160 633 quid

203 645 236 696 23
253 663 326 702 mors
347 647 398 703 illa
421 646 515 702 valeat
535 647 572 702 ad
597 646 762 702 salvandum
783 645 931 704 hominem.
966 643 1068 704 Mirum
1086 647 1160 704 enirn

254 738 310 800 est,
334 733 456 788 siDene
473 732 513 787 sic
537 729 692 788 delectatur
712 738 761 787 aut
785 738 850 802 eget
872 732 1009 804 sangnine
1030 733 1160 790 innocen·

253 817 303 882 tis,
327 824 433 874 utnon
459 817 514 872 nisi
537 816 683 874 interfecto
708 835 742 873 eo
765 830 880 890 parcere
904 816 972 872 velit
997 821 1048 870 ant
1071 817 1161 886 possit

203 906 236 957 ²4
253 904 372 960 nocenti.
406 904 474 958 Aue.
510 901 647 966 Quoniam
670 904 775 976 accipis
797 904 827 958 in
846 902 900 957 hac
918 902 1081 974 quaestione
1097 919 1159 972 per·

253 1005 351 1044 sonam
377 1005 484 1058 eorum
510 987 559 1059 qui
586 987 698 1044 eredere
723 988 793 1043 nihil
817 987 914 1042 volunt
938 987 993 1042 nisi
1015 1004 1160 1058 praemon·

253 1077 343 1128 strata
359 1073 479 1142 ratione,
505 1073 568 1128 volo
591 1078 684 1128 tecum
701 1073 821 1144 pacisci,
843 1079 875 1127 ut
891 1073 1000 1128 nullum
1016 1072 1062 1128 uel
1078 1069 1160 1126 mini·

254 1174 330 1212 mum
347 1159 542 1216 inconveniens
560 1157 590 1212 in
606 1157 668 1214 Deo
691 1176 709 1214 a
731 1157 813 1214 nobis
835 1158 1005 1230 accipiatur,
1031 1161 1060 1214 et
1081 1157 1161 1210 nulia

203 1249 236 1300 25
254 1243 298 1300 vel
315 1243 429 1300 minima
444 1245 523 1312 ratio,
549 1244 573 1298 si
592 1245 680 1299 maior
692 1261 749 1299 non
767 1249 914 1315 repugnat,
930 1243 1081 1299 reiieiatur.
1117 1241 1160 1298 Si-

254 1335 302 1384 cut
325 1329 397 1386 enim
425 1331 455 1386 in
478 1329 541 1386 Deo
566 1331 771 1402 quantumlibet
792 1335 937 1401 parvum1)
963 1328 1160 1384 inconveniens

254 1414 379 1486 sequitur
396 1415 619 1488 impossibilium
646 1417 689 1471 ita
709 1416 916 1489 quantumlibet
939 1431 1054 1486 parvam
1077 1414 1160 1468 ratio-

252 1519 332 1568 nem,
367 1503 392 1558 si
428 1503 526 1558 maiori
559 1519 616 1556 non
649 1501 784 1572 vincitur,
820 1502 967 1557 comitetur
1001 1499 1160 1556 necessitas

203 1594 236 1644 26
253 1589 322 1642 Boe.
357 1589 434 1645 Nihil
453 1589 482 1643 in
510 1589 563 1643 hac
585 1604 616 1643 re
640 1586 772 1643 libentius
798 1587 919 1659 accipio,
948 1601 1031 1657 quem
1054 1591 1086 1639 ut
1107 1585 1161 1639 hoe

203 1678 368 1743 repartum
393 1673 466 1728 inter
492 1690 543 1727 nos
567 1673 748 1729 communiter
768 1680 900 1728 servetur.
944 1674 1013 1726 Aue,
1048 1672 1094 1727 De
1119 1671 1161 1724 in·

255 1757 414 1813 comotione
435 1757 490 1814 Dei
511 1763 622 1812 tantum
650 1763 678 1812 et
702 1758 738 1816 de
759 1757 802 1814 his
823 1759 954 1830 quaede
970 1757 1019 1812 isso
1038 1761 1161 1812 assumto

204 1849 236 1901 28
254 1840 365 1898 homine
385 1843 531 1912 eredimus,
549 1842 675 1912 quaestio
693 1850 741 1900 est
776 1847 845 1899 Bos.
869 1843 915 1898 Ite
932 1848 982 1898 est.
1017 1843 1087 1895 Aua.
1107 1840 1161 1894 Po·

253 1945 352 1983 namus
371 1945 438 2001 ergo
456 1930 511 1985 Dei
533 1929 753 1985 incarnationem
773 1933 803 1984 et
825 1945 898 2000 quae
924 1929 959 1984 de
976 1927 1026 1982 illo
1044 1927 1161 1981 dicimus

252 2014 376 2085 homine,
404 2032 557 2088 numquam
582 2013 685 2083 fuisse;
714 2022 743 2070 et
759 2020 867 2072 constet
895 2015 968 2068 inter
994 2028 1045 2066 nos
1075 2011 1160 2066 homi-

254 2118 318 2156 nem
336 2119 398 2156 esse
411 2101 518 2158 factum
530 2101 573 2156 ad
591 2100 807 2170 beatitudinem,
827 2117 899 2171 quae
917 2097 947 2153 in
969 2098 1022 2152 hac
1038 2097 1097 2151 vita
1112 2096 1160 2151 ha·

254 2186 316 2242 beri
338 2203 394 2243 uon
422 2193 529 2258 petest,
554 2204 607 2242 nec
631 2186 668 2240 ad
692 2184 769 2239 illem
794 2199 875 2255 posse
897 2181 1042 2253 pervenire
1065 2197 1161 2252 quem-

255 2287 339 2341 quam
362 2271 417 2324 nisi
441 2271 561 2327 dimissis
584 2271 722 2343 peccatis,
746 2285 798 2324 nec
818 2267 907 2322 ullum
927 2267 1067 2323 hominem
1089 2266 1162 2320 hanc

254 2355 340 2410 vitam
358 2356 477 2412 transire
494 2357 554 2412 eine
572 2363 700 2428 peccato,
725 2362 754 2410 et
770 2354 826 2408 aha
842 2370 960 2425 qnorum
976 2352 1047 2408 fides
1064 2353 1101 2406 ad
1119 2368 1162 2405 sa·

205 2442 239 2493 29
255 2442 342 2496 lutem
374 2448 513 2496 aeternam
539 2442 696 2498 necessarie
726 2446 775 2495 est
824 2441 893 2493 Bos.
928 2438 974 2494 Ita
999 2437 1062 2507 fiat3
1095 2437 1162 2509 quia

255 2526 325 2582 nihil
346 2527 377 2581 in
402 2524 446 2580 his
471 2527 667 2582 inconveniens
693 2532 743 2579 aut
767 2523 939 2595 impossibile
958 2524 1021 2579 Deo
1043 2523 1161 2578 videtur.

255 2617 324 2668 Aue.
353 2612 518 2669 Necessaria
539 2616 584 2666 est
605 2611 692 2682 igitur
708 2608 814 2663 homini
831 2614 1009 2678 peccatorum
1027 2606 1160 2676 remissio,

256 2705 288 2753 ut
319 2699 356 2753 ed
385 2697 587 2754 beatitudinem
617 2693 769 2766 perveniat.
816 2693 885 2748 Boe.
920 2693 967 2750 Sic
996 2708 1090 2748 omnes
1120 2695 1161 2748 te

255 2799 361 2838 nemus.

224 3052 236 3103 1
274 3043 277 3048 '
335 3004 406 3090 11·
450 3036 519 3090 Ans.
555 3035 749 3101 Quaerendum
777 3040 820 3089 est
846 3032 946 3104 igitur,
973 3047 1029 3104 qna
1054 3031 1160 3087 ratione

254 3122 333 3178 Deus
356 3119 479 3188 dimittat
499 3127 614 3192 peccata
635 3118 815 3176 hominibus?
842 3124 871 3173 et
894 3123 926 3174 ut
950 3117 1004 3173 hoc
1025 3117 1160 3174 faciamus

328 3369 977 3459 l)qucmltbetparoumAabeBEFa.'
1075 3362 1079 3367 ’
1155 3405 1162 3424 .

430 3704 451 3737 'Q
