2636 3806
154 356 157 364 .
245 274 289 352 68
425 293 453 351 s.
470 289 639 352 ananam
656 290 963 354 ommsnmnsrs

245 465 447 523 beatitudinem
472 479 528 519 non
549 463 670 536 pertinet
694 463 867 520 commodum
892 465 966 538 quod
984 465 1069 523 habet
1085 467 1149 540 quis
1180 507 1184 510 -

247 559 344 608 eontra
360 551 546 615 voluntatem,
565 549 605 604 ita
620 566 677 605 non
696 554 738 606 est
753 549 864 606 maaria
882 552 1088 622 apprehendere
1105 567 1149 606 sa-

245 638 354 710 pienter
378 637 456 692 nulla
481 635 646 692 necessitate
678 635 792 707 aliquod
819 634 1021 706 incommodum
1053 653 1148 693 secun-

247 723 313 780 dum
332 723 511 778 voluntatem.
546 723 614 777 Bos.
633 719 848 776 Conoedsndum
865 726 915 777 est

212 877 226 929 ¹
324 861 393 947 id.
440 894 508 946 Bos.
525 891 631 948 Veram
648 891 677 945 in
694 889 1035 962 haesimilitudinequam
1045 883 1149 948 habero
1186 919 1188 922 ·

245 978 329 1035 debet
353 992 416 1032 eum
442 974 611 1045 hominibus,
638 976 697 1046 dio,
720 981 813 1031 utrum
836 975 1021 1048 ignorantiam
1039 995 1149 1054 quoque

169 1101 170 1104 η
210 1064 319 1119 tsiout
335 1063 405 1118 alias
424 1061 596 1116 infirmitates
614 1067 721 1116 nostras
734 1053 879 1116 habitatus
898 1061 954 1117 sit?
983 1064 1053 1120 Ans.
1074 1063 1150 1129 Quid

245 1147 357 1204 dubitas
380 1148 415 1203 de
437 1147 512 1216 Deo,
544 1154 637 1203 utrum
661 1148 698 1202 sit
719 1147 812 1203 omnia
835 1147 944 1203 soiens?
978 1148 1047 1203 Bos.
1076 1147 1151 1212 Quia

236 1233 370 1310 ¹quamvis
390 1232 426 1287 sit
442 1233 603 1289 immortalis
628 1233 737 1288 futurus
761 1249 794 1288 ex
820 1233 914 1288 divina
937 1239 1050 1302 natura,
1077 1250 1149 1288 mor

244 1318 308 1374 talis
326 1323 420 1374 tamen
438 1317 489 1374 erit
514 1336 547 1375 ex
562 1319 690 1374 humana.
726 1319 799 1376 Nam
818 1335 868 1374 our
884 1335 940 1374 non
959 1317 1083 1374 similiter
1100 1335 1149 1390 po

244 1404 311 1460 terit
328 1401 383 1458 illis
401 1403 483 1459 homo
508 1407 569 1461 essd
592 1422 657 1460 vare
683 1405 829 1476 ignorans,
855 1402 927 1459 siout
944 1420 1009 1458 rere
1025 1403 1149 1458 mortalis

209 1482 316 1544 derit?
350 1487 421 1542 Ass.
456 1487 510 1542 illa
527 1488 645 1544 hominis
665 1488 796 1544 assumtio
814 1488 844 1542 in
860 1487 995 1542 unitatem
1014 1501 1149 1558 personae

243 1573 298 1629 Dei
315 1589 372 1627 non
388 1573 443 1626 nisi
466 1572 604 1642 sapienter
630 1589 649 1629 a·
673 1590 780 1628 summa
799 1572 936 1643 sapientia
952 1570 1014 1639 fiet3
1039 1575 1068 1626 et
1084 1569 1150 1625 ideo

243 1676 300 1713 non
326 1662 448 1712 assumet
478 1658 507 1711 in
537 1656 661 1728 homine,
692 1658 766 1729 quod
794 1656 872 1711 nullo
897 1656 979 1711 modo
999 1655 1069 1710 utile
1098 1655 1149 1711 sed

242 1742 326 1797 valde
349 1742 462 1796 noxium
483 1748 526 1796 est
550 1743 587 1796 ad
614 1759 697 1813 opus,
724 1742 798 1815 quod
822 1741 896 1797 idem
918 1741 1000 1796 homo
1023 1739 1148 1796 facturus

208 1825 228 1876 4
244 1833 294 1882 est
329 1825 491 1897 Ignorantia
515 1843 634 1899 namque
660 1829 696 1882 ad
719 1826 837 1882 nihilum
855 1825 897 1880 illi
913 1827 991 1881 utilis
1009 1832 1081 1882 esset
1098 1827 1149 1882 sed

244 1913 280 1967 ad
298 1911 386 1966 multa
402 1911 499 1980 noxia3
523 1913 660 1982 quomodo
686 1912 759 1968 enim
776 1918 818 1968 tot
834 1918 862 1966 et
879 1917 958 1967 tanta
975 1930 1058 1983 opera
1076 1905 1150 1984 quae

242 1998 367 2052 faotrnus
385 2002 435 2066 ost,
454 1995 540 2052 faciet
555 1997 617 2053 sine
636 2015 743 2060 summa
761 1995 917 2068 sapientia?
944 2004 993 2053 aut
1009 1997 1148 2070 quomodo

206 2081 225 2132 5
242 2083 285 2138 illi
302 2083 425 2138 homines
444 2083 572 2154 credent,
598 2083 621 2138 si
642 2101 706 2140 eum
723 2083 811 2140 soient
826 2083 971 2138 nescium?
1005 2082 1036 2140 si
1055 2090 1149 2139 autem
1255 2149 1260 2156 .

242 2167 380 2238 nescient,
405 2167 442 2223 ad
461 2167 528 2238 quid
547 2161 600 2225 erit
616 2168 642 2224 ei
664 2169 740 2224 utilis
758 2168 915 2241 ignorantia
932 2168 1000 2224 illa?
1034 2167 1145 2226 Deinde
1164 2227 1166 2236 ,

242 2253 267 2307 si
289 2252 359 2306 nihil
383 2259 492 2308 amatur
515 2255 568 2308 nisi
594 2255 669 2326 quod
692 2256 882 2327 cognoscitur3
908 2253 980 2309 sicut
1001 2255 1070 2310 nihil
1096 2255 1149 2310 erit

192 2327 194 2333 ⁸
242 2337 309 2395 boni
327 2339 401 2410 quod
419 2356 475 2393 non
493 2346 573 2410 amet,
595 2341 635 2396 ita
655 2340 762 2394 nullum
783 2341 884 2396 bonum
907 2339 959 2394 orit
977 2341 1051 2412 quod
1069 2340 1148 2412 igno·

207 2423 292 2479 drot
327 2420 435 2477 Bonum
460 2431 553 2481 autem
577 2444 657 2482 nemo
678 2425 801 2496 perfecte
824 2423 902 2480 novit
926 2424 979 2479 nisi
1005 2425 1053 2498 qui
1075 2421 1147 2480 illud

241 2525 260 2563 a
284 2507 357 2561 malo
380 2507 434 2561 soit
456 2509 624 2578 discernere;
651 2513 723 2566 hano
743 2527 853 2581 quoque
874 2509 1067 2567 discretionem
1085 2512 1147 2566 nul·

207 2593 285 2648 tlus
314 2591 367 2647 soit
394 2591 500 2662 faeere,
535 2595 583 2665 qui
609 2597 713 2649 malum
741 2595 857 2666 ignorat
893 2594 971 2650 Siout
993 2597 1079 2670 igitur
1097 2597 1147 2652 ille

242 2674 353 2749 dequo
371 2677 522 2749 loquimur,
548 2694 628 2735 omne
651 2679 773 2750 perfeeto
796 2681 865 2736 sciet
888 2681 1004 2754 bonnm,
1028 2683 1068 2738 ita
1085 2683 1147 2737 nul*

240 2761 299 2816 lum
318 2762 457 2834 ignorabit
473 2763 582 2818 malum.
617 2763 734 2821 Omnem
760 2764 846 2838 igitur
862 2766 975 2822 habebit
993 2767 1144 2838 seientiam,

242 2848 367 2919 quamvis
398 2864 458 2904 eam
488 2849 601 2920 publiea
631 2849 661 2904 in
691 2849 833 2911 hominum
858 2852 1063 2908 conversations
1089 2870 1146 2909 non

206 2933 377 2990 sostendat
413 2936 481 2989 Bos.
510 2935 572 2991 Hoo
589 2936 619 2990 in
638 2935 740 2990 maiori
757 2942 848 2992 aetate
867 2937 1047 3007 inridetur,
1072 2936 1145 2992 siout

241 3019 324 3090 diois3
342 3019 392 3074 sed
409 3018 439 3073 in
455 3018 586 3090 infantia,
610 3021 683 3074 siout
704 3035 760 3075 non
788 3021 841 3076 erit
863 3025 972 3092 tempus
992 3039 1145 3094 congruum

240 3105 319 3160 utin
335 3104 383 3160 illo
402 3111 536 3175 appareat
560 3106 712 3176 sapientia,
735 3104 775 3160 ita
798 3122 853 3161 non
879 3107 931 3162 erit
948 3124 1017 3179 opus
1037 3112 1065 3164 et
1081 3107 1145 3166 ideo

205 3195 223 3246 9
240 3206 292 3245 neo
310 3207 462 3262 congruum
479 3189 605 3246 atillam
621 3192 732 3247 habeat.
767 3192 837 3246 Ans.
865 3191 964 3249 Nonne
983 3194 1053 3265 dixi,
1077 3193 1144 3265 quia

240 3274 378 3345 sapienter
404 3275 453 3330 fiet
476 3276 526 3331 illa
548 3275 721 3332 incarnatio?
758 3274 902 3348 Sapienter
923 3296 1042 3350 namque
1067 3296 1145 3333 assu·

238 3367 296 3418 met
311 3361 389 3417 Deus
404 3360 616 3430 mortalitatem,
636 3379 691 3433 qua
712 3361 862 3436 sapienter,
884 3363 950 3436 quia
967 3363 1050 3422 valde
1066 3363 1141 3419 utili·
