2636 3806
402 335 479 394 cun
498 318 599 392 naus
616 333 738 390 nouo.
774 329 811 388 11.
831 325 916 400 ress
953 417 960 430 Ι
1059 329 1102 397 75
1197 345 1216 426 j

194 507 346 560 humanum
371 521 460 578 genus
487 511 515 561 et
539 521 573 560 ea
596 518 667 576 quae
684 501 752 559 lecit
768 507 881 576 propter
898 515 979 554 usum
998 514 1101 570 eornm,
1135 511 1158 557 ἢ

196 592 349 662 dequibus
367 603 487 662 superna
510 591 607 646 civitas
631 587 802 660 perficienda
817 591 873 656 est,
900 585 979 656 quasi
997 585 1102 640 tinstra

196 677 325 733 extitisse.
368 677 441 735 Nam
465 677 641 747 aliquatenus
668 675 698 729 in
726 690 828 729 vanum
852 679 912 730 e'sse
934 673 1102 741 viderentur,
1119 678 1154 730 24

196 762 330 832 quamdiu
348 780 403 819 non
424 763 460 817 ad
479 762 531 817 hoc
554 768 667 832 propter
689 759 764 831 quod
783 757 900 815 maxime
916 759 992 813 facta
1011 759 1103 814 essent

188 845 355 907 ‚riderentur
378 849 535 905 subsistere.
576 847 645 901 Bos.
681 845 852 917 congruenti
877 845 986 900 ratione
1004 850 1033 900 et
1056 845 1102 899 cni
1120 850 1153 902 25

7 901 10 908 Ι
84 963 90 974 x
195 931 265 987 nihil
284 949 440 1006 repugnare
456 933 566 1004 ridetur
590 935 742 1000 monstras,
766 929 874 984 nullum
891 948 1015 1002 unquam
1033 935 1102 985 tem·
1136 937 1141 942 '

196 1033 249 1090 pus
264 1017 353 1074 'fnisse
375 1033 481 1091 exque
506 1019 599 1074 factus
625 1022 668 1072 est
690 1017 772 1071 homo
798 1015 905 1086 absque
922 1013 1028 1086 aliquo,
1054 1013 1102 1085 qui

196 1103 233 1158 ad
259 1119 321 1158 eam
349 1105 499 1175 pertineret
528 1103 598 1173 (sine
629 1115 685 1174 qua
708 1101 801 1156 factus
825 1106 899 1164 esset
921 1112 993 1155 rane
1015 1099 1102 1154 omnis

195 1188 289 1256 bomo)
318 1189 586 1256 reconciliationem
623 1187 697 1258 quod
732 1205 789 1242 non
820 1187 909 1242 solum
937 1185 1102 1241 conveniens

117 1275 118 1281 ’
198 1273 250 1327 sed
276 1271 359 1328 etiam
387 1275 573 1330 necessarium
604 1274 674 1329 'esse'
692 1283 837 1344 possumus
865 1271 1037 1327 concludere.
1074 1264 1154 1326 812⁶

196 1359 269 1414 enim
294 1358 501 1416 convenientius
527 1363 556 1415 et
580 1357 773 1414 rationabilius
801 1363 844 1413 est
865 1358 918 1412 hoc
943 1373 1027 1427 quam
1054 1355 1103 1410 ali-

196 1446 309 1515 qnando
332 1445 440 1500 nullum
466 1445 569 1516 fuisse‚-
589 1447 623 1502 de
649 1462 704 1517 quo
728 1444 845 1500 intentio
863 1441 917 1498 Dei
943 1455 999 1514 qua
1016 1439 1103 1496 homi·

195 1545 260 1585 nem
275 1529 344 1585 iecit
362 1529 554 1601 perficeretur,
578 1548 630 1587 nec
649 1537 690 1586 est
708 1529 815 1600 aliquid
832 1528 906 1600 quod
924 1525 989 1581 huic
1010 1525 1104 1580 obviet

184 1616 314 1688 rationip
336 1631 449 1672 necesse
473 1621 516 1672 est
539 1633 649 1689 semper
673 1617 793 1687 aliquem
816 1615 852 1668 a'd
870 1613 1042 1684 praedictam
1061 1625 1103 1664 re·
1181 1615 1182 1620 ’

196 1699 416 1757 conciliationem
433 1703 618 1773 pertinentem
636 1701 730 1758 fuisse.
759 1701 843 1758 Unde
860 1699 952 1754 Adam
972 1703 1001 1752 et
1015 1695 1103 1750 Evam
1121 1697 1154 1748 27

198 1783 245 1836 ad*
257 1784 334 1858 illam
355 1787 524 1856 pertinuisse
550 1787 749 1843 redemtionem
774 1785 958 1842 dubitandum
980 1799 1035 1838 non
1054 1783 1104 1848 est,

182 1869 324 1938 ,quamvis
347 1871 400 1925 hoc
424 1873 576 1930 auctoritas
603 1873 698 1928 divina
717 1879 813 1944 aperte
830 1887 886 1926 non
901 1868 1072 1940 pronunciet.
1082 1869 1105 1931 ¹)

199 1955 268 2008 Aoo.
286 1951 454 2013 Incredibile
476 1974 586 2030 quoqne
604 1959 728 2027 videtur,
758 1959 870 2030 quando
887 1955 964 2010 Deus
982 1952 1045 2006 illos
1064 1951 1103 2006 fe·
1121 1957 1154 2008 28

199 2037 238 2095 eit
261 2045 290 2096 et
310 2043 455 2112 proposuit
473 2042 684 2100 immutabiliter
708 2043 800 2100 facere
821 2043 855 2097 de
872 2037 928 2095 illis
944 2051 1037 2092 omnes
1056 2029 1104 2090 ho·

199 2125 295 2194 mines,
314 2144 382 2197 qnos
399 2128 435 2182 ad
447 2127 595 2193 coelestem
607 2130 749 2186 civitatem
759 2133 931 2183 assumturus
944 2130 1011 2194 crat,
1029 2125 1103 2196 quod

197 2207 260 2266 illos
281 2211 349 2266 duos
370 2211 406 2267 ab
429 2211 486 2268 hoc
508 2207 655 2271 excluserit
672 2215 822 2286 proposito.
851 2217 927 2268 ¹Bos¹
965 2212 1025 2267 Imo
1043 2211 1104 2266 llloa
1121 2216 1154 2268 29

197 2297 317 2352 maxime
334 2293 440 2353 adhoc
461 2298 562 2356 fecisse
580 2301 656 2355 credi
671 2299 760 2370 debet,
779 2307 811 2356 ut
823 2306 914 2356 essent
926 2299 961 2354 de
972 2295 1027 2352 illis
1041 2309 1105 2368 pro·

197 2389 261 2452 pter
280 2399 349 2455 quos
367 2379 435 2438 facti
450 2389 523 2440 sunt.
546 2377 633 2460 'Ao‘
661 2382 738 2441 Bene
759 2386 925 2442 consideras.
960 2380 1046 2440 Nulla
1062 2388 1104 2436 ta·
1121 2389 1155 2440 30

198 2485 262 2524 men
290 2466 383 2524 anima
411 2475 476 2526 ante
501 2479 616 2528 mortem
644 2471 746 2528 Christi
773 2471 933 2543 paradisum
957 2469 1104 2525 coelestem

198 2554 308 2626 ingredi
329 2554 433 2626 potuit,
462 2555 534 2610 sicat
556 2573 641 2627 snpra
663 2557 719 2612 dixi
739 2558 773 2614 de
791 2559 865 2631 regis
883 2557 997 2630 palatio.
1035 2559 1102 2610 Bos.
1121 2561 1153 2612 31

199 2637 244 2694 Sic
260 2647 395 2696 tenemus.
430 2643 499 2697 Aac,
528 2639 617 2716 Virgo
637 2651 730 2701 autem
746 2643 808 2713 illa3
830 2645 865 2699 de
885 2661 941 2715 qua
958 2643 1006 2697 ille
1021 2641 1103 2696 homo

199 2731 336 2782 assumtus
354 2733 396 2782 est
414 2727 449 2782 de
469 2743 524 2800 quo
541 2728 688 2801 loquimur,
706 2731 761 2786 fuit
780 2733 814 2786 de
832 2729 886 2784 illis
905 2728 952 2800 qui
972 2731 1037 2800 ante
1055 2745 1104 2782 na·

199 2807 335 2865 tiritatem
361 2813 421 2868 elus
446 2832 497 2885 per
512 2831 576 2870 eum
598 2817 724 2873 mundati
745 2822 810 2871 sunt
827 2833 844 2871 a
860 2813 1000 2888 peccatis,
1027 2819 1062 2870 et
1074 2813 1104 2867 in

33 2909 35 2914 ·
120 2959 126 2963 „
201 2893 259 2949 eius
277 2896 339 2967 ipsa
352 2897 488 2954 munditia
512 2897 547 2955 de
569 2901 618 2957 illa
644 2895 782 2957 assumtus
800 2907 849 2956 est.
888 2899 955 2956 Bos.
976 2897 1104 2954 Placeret
1121 2897 1154 2948 32

200 2977 268 3034 mihi
286 2981 403 3038 multum
420 2985 496 3056 quod
514 2984 583 3040 dicis
602 2985 665 3054 nisi,
683 2983 825 3055 cumipse
844 2983 945 3041 debeat
964 3001 982 3038 a
1001 2981 1103 3054 seipso

199 3064 302 3122 habere
331 3069 494 3142 munditiam
526 3088 544 3126 a
572 3077 705 3150 peccato,
732 3071 843 3130 videtur
871 3088 932 3126 eam
958 3067 1061 3124 habere
1087 3083 1105 3122 a

270 3259 296 3322 ¹)
319 3258 434 3314 Irenaeo
461 3259 533 3328 (adv.
556 3257 630 3316 haer.
653 3265 681 3326 l,
707 3261 762 3324 ³0.)
785 3263 856 3313 teste
880 3255 1015 3312 Tatianus
1039 3267 1112 3324 apo--

109 3395 111 3399 ,
198 3325 293 3396 logeta
332 3328 560 3398 interpretatione
580 3327 636 3382 loci
655 3323 768 3398 Paulini
793 3333 815 3382 l.
840 3325 902 3381 Cor.
920 3327 963 3394 15,Ἰ
981 3327 1104 3396 abcon-

198 3401 273 3451 torta
294 3367 436 3467 deceptus,
453 3398 559 3468 primus
569 3395 661 3489 &saluti
679 3393 845 3453 amassint
861 3392 1033 3466 protoplasti
