2636 3806
420 329 496 390 cns
514 333 616 392 nnus
633 333 751 393 nouo.
786 335 823 393 11.
846 343 886 395 ιι.
1069 341 1125 408 83

205 501 371 558 necessitute
405 508 535 560 astruere.
580 503 644 560 Hac
674 505 800 576 sequenti
831 511 859 563 et
885 505 954 563 nihil
980 507 1112 566 efficienti
1128 513 1160 565 27

204 586 385 658 necessitate,
414 588 545 659 qnoniam
573 605 641 644 vers
665 585 720 643 fuit
744 587 813 646 fides
834 591 883 672 ¹vel·
906 593 1053 664 prophetis
1075 597 1112 652 de

206 667 326 741 Christo,
346 673 412 744 quis
430 690 464 728 ex
488 674 632 730 voluntate
655 691 711 730 non
729 693 762 731 ex
779 674 945 733 necessitate
962 679 1111 736 moriturus
1208 729 1211 738 .

205 760 271 824 eret,
291 773 404 814 necesse
420 757 475 813 idit
492 765 525 813 nt
540 759 582 813 sic
599 766 685 830 esset;
702 759 755 816 hec
771 761 852 819 homo
872 762 963 817 fsctus
982 770 1038 828 sstt
1057 764 1112 822 hsc

201 838 271 896 fecit
287 848 315 897 et
333 860 431 914 passus
448 847 492 899 est
509 844 645 916 quidquid
664 841 732 900 fecit
749 852 777 901 et
795 861 896 918 pessus
913 855 971 919 est,
992 849 1046 904 hac
1063 866 1111 906 vo·

204 925 257 980 luit
278 944 460 1001 quaecunque
483 930 579 986 voluit
614 929 682 987 Ideo
708 931 781 986 enim
808 933 973 990 necessitate
998 933 1111 990 inerunt
1127 939 1160 993 28

203 1013 272 1083 quis
287 1012 383 1070 futuru
408 1021 499 1085 erent,
524 1021 553 1072 et
574 1015 767 1072 intruserant
785 1017 851 1088 quis
870 1017 995 1091 fuerunt,
1021 1024 1049 1076 et
1067 1020 1109 1076 fu·

201 1103 283 1153 crunt
300 1099 366 1169 quis
383 1100 509 1170 fuerumt3
530 1105 558 1158 ct
577 1102 601 1156 si
618 1102 660 1156 vis
677 1102 799 1157 omnium
817 1120 889 1174 quse
906 1103 974 1160 feeit
990 1110 1020 1160 et
1037 1121 1109 1178 quse

200 1199 301 1254 pessus
336 1191 393 1255 est,
434 1201 529 1240 serem
564 1186 635 1241 scire
668 1187 877 1259 necessitatem,
913 1190 981 1245 scito
1016 1190 1109 1246 omnis

199 1283 235 1322 cx
253 1269 418 1326 necessitate
434 1269 535 1336 fuisse,
554 1271 620 1343 quic
638 1271 699 1342 ipse
714 1271 812 1328 voluit
846 1273 1028 1329 Voluntatem
1042 1275 1159 1332 versit

198 1352 260 1408 eius
288 1353 366 1410 nulle
393 1357 544 1427 praecessit
568 1357 727 1414 necessitas.
766 1357 857 1422 Quare
883 1358 979 1413 sinon
995 1359 1109 1414 fuerunt

167 1491 170 1498 ι
200 1439 254 1494 nisi
272 1439 338 1513 quie
354 1441 416 1512 ipse
432 1443 530 1512 voluit,
557 1443 657 1498 sinon
674 1443 807 1499 voluisset
824 1459 880 1497 non
898 1443 1023 1498 fuissent.
1060 1442 1108 1500 Sic

199 1524 294 1596 itaque
317 1543 398 1583 nemo
420 1527 487 1584 tulit
510 1527 632 1582 animam
652 1528 711 1583 eius
729 1529 766 1584 cb
785 1529 847 1599 illo,
870 1528 921 1583 sed
938 1527 998 1599 ipse
1014 1529 1109 1599 posuit

200 1625 260 1666 eum
278 1617 307 1666 et
328 1613 428 1668 iterum
453 1613 552 1669 sumsit
572 1631 647 1681 cem;
675 1613 741 1684 quis
760 1611 926 1684 potestatem
943 1611 1042 1668 hebuit
1058 1629 1107 1684 po·

199 1697 284 1750 nendi
302 1697 422 1752 enimam
439 1717 517 1755 snam
537 1701 683 1755 etiterum
707 1697 835 1754 sumendi
860 1713 934 1768 esm,
958 1697 1107 1769 sicutipse

201 1779 277 1836 dixit.
287 1783 306 1849 ¹)
344 1783 412 1838 Bos.
442 1783 607 1840 Setisieoisti
624 1784 703 1853 mihi,
725 1784 805 1839 illum
822 1801 878 1840 non
896 1799 979 1856 posse
994 1783 1106 1854 probuti
1124 1786 1157 1838 ³⁰

200 1865 258 1921 ulla
284 1867 448 1924 necessitate
472 1875 587 1926 mortem
610 1870 745 1939 subiisse3
767 1887 820 1926 nec
846 1887 889 1925 me
913 1869 1052 1941 poenitet,
1075 1875 1107 1924 ιιι

199 1951 252 2006 hoe
278 1951 384 2008 faceres
410 1953 596 2025 importumum
622 1954 674 2010 tibi
704 1954 834 2012 extitisse.
871 1955 940 2008 Ans.
977 1953 1104 2008 Ostendi·
1123 1958 1153 2009 31

200 2049 270 2106 mus,
292 2045 422 2110 utputo,
450 2045 554 2095 certam
577 2040 725 2109 rationem,
751 2039 889 2110 quomodo
906 2037 983 2094 Deus
1001 2053 1105 2091 essum·
1162 2059 1164 2064 ·

200 2123 267 2178 serit
288 2123 427 2180 hominem
450 2124 510 2178 sine
536 2129 652 2195 peccato
679 2125 714 2179 ds
739 2141 832 2180 masse
859 2123 1029 2195 peccatrice3
1056 2121 1106 2177 sed

198 2224 376 2280 nequequam
398 2209 557 2282 negandum
580 2209 695 2264 aestimo
718 2211 801 2264 aliem
819 2225 878 2264 esse
895 2213 1006 2279 praeter
1022 2209 1106 2262 istem

198 2311 282 2366 quam
309 2295 439 2365 diximus,
469 2299 584 2366 excepto
610 2293 664 2348 hoc
693 2295 758 2366 quis
783 2295 861 2349 Deus
887 2293 980 2349 iacere
1005 2299 1106 2364 potest,

198 2381 274 2452 quod
297 2379 416 2435 hominis
441 2380 512 2436 rstio
533 2379 766 2451 comprehendere
785 2397 843 2434 non
859 2384 958 2450 potest.
999 2379 1103 2435 Verum
1122 2383 1154 2434 32

197 2465 329 2537 quonism
347 2471 376 2521 et
394 2465 448 2521 ists
464 2463 532 2518 mihi
549 2463 660 2519 videtur
677 2482 758 2536 posse
775 2463 914 2532 sufficere,
933 2467 961 2518 et
980 2463 1003 2514 si
1021 2462 1104 2517 eliam

199 2567 272 2605 nunc
291 2551 430 2622 inquirere
454 2549 555 2604 vellem
582 2565 695 2606 necesse
723 2556 796 2606 esset
825 2547 1005 2618 investigere,
1036 2546 1103 2617 quid

199 2636 235 2689 sit
259 2636 393 2708 originale
418 2640 563 2706 peccatum
587 2641 616 2689 et
632 2636 769 2706 quomodo
792 2633 924 2704 sprimis
940 2631 1103 2702 perentibus

197 2721 227 2775 in
242 2723 400 2778 universum
418 2738 506 2793 genus
517 2720 668 2774 humanum
686 2727 797 2791 praeter
813 2718 901 2787 illum,
918 2718 953 2772 de
971 2713 1026 2788 quio
1044 2718 1102 2789 egi·

197 2823 272 2876 mus,
302 2807 439 2862 hominem
471 2806 659 2875 diffrmdstm;
696 2813 724 2861 et
754 2804 876 2858 incidere
907 2803 936 2858 in
967 2803 1103 2874 quasdam

196 2891 267 2948 nlius
290 2891 465 2962 quaestiones
488 2907 560 2963 quse
584 2907 665 2946 suum
693 2888 836 2960 postulent
863 2891 1028 2953 ιιιιοιιιιιιιις
1060 2901 1101 2955 es,

197 2993 281 3050 qnam
298 2977 424 3045 diximus,
443 2977 550 3031 ratione
567 2975 690 3029 contenti
708 2989 779 3045 quse
799 2973 834 3028 de
851 2971 978 3042 incoepto
995 2975 1102 3024 restent

196 3079 279 3134 opere
295 3077 502 3132 prosequamur.
540 3063 609 3114 Bos.
638 3057 679 3115 Ut
702 3059 760 3128 νιος
783 3058 833 3112 sed
857 3072 889 3111 co
905 3061 1002 3126 pacto,
1020 3060 1054 3108 ut
1068 3060 1100 3109 ιιι
1118 3060 1150 3112 33

193 3147 345 3218 aliquando
370 3147 520 3202 auxiliante
544 3146 606 3200 Deo
629 3145 705 3198 illem
733 3144 815 3198 aliam
844 3141 989 3210 rationem,
1015 3156 1099 3210 quam

195 3249 270 3287 nune
298 3232 435 3302 inquirere
467 3232 553 3301 vites,
590 3230 670 3303 quasi
701 3229 824 3286 debitum
847 3227 979 3283 exsolvas.
1026 3228 1098 3281 Ans.
1117 3233 1151 3284 34

207 3341 291 3352 Μ

264 3387 289 3453 1)
308 3385 364 3441 cfr.
382 3385 477 3441 Iosnn.
499 3390 539 3455 10,
559 3389 598 3441 18.
932 3468 948 3503 *

910 3474 925 3524 6
