2636 3806
207 243 250 308 40
394 239 422 296 S.
441 239 611 300 sussum
629 237 936 298 csuwsalnaals

208 412 315 482 absque
333 411 408 466 omni
426 410 629 476 satisfactione,
653 409 738 466 talem
757 426 866 480 semper
882 425 1043 464 mamunrm
1057 406 1114 460 sal-

207 503 264 552 tem
291 497 320 550 in
345 497 520 567 paradisum,
552 496 587 551 de
611 512 667 567 quo
688 496 793 552 eiectsu
815 494 921 563 fueret,
947 489 1114 548 reduceret?

158 578 190 630 13
207 583 277 640 Bos.
314 581 543 651 similitudinem,
571 581 595 636 si
612 581 689 636 Deus
710 580 764 638 hoc
787 580 905 648 faceret,
931 594 1034 649 negare
1058 593 1115 632 non

208 668 297 722 audeo
315 673 343 722 et
365 667 469 723 idcirco
493 685 557 726 eum
578 667 631 726 hoc
649 666 740 722 facere
756 683 837 737 posse
856 683 913 722 non
927 681 1030 720 annuo·
1064 662 1113 719 Vi·

209 753 322 810 deretur
352 752 425 808 enim
456 758 505 808 eut
529 753 603 824 quod
626 758 808 824 proposuerat
830 767 965 823 peragere
987 767 1043 804 non
1064 765 1114 819 po·

207 839 308 909 tuisse,
338 843 387 891 unt
416 837 482 894 boni
510 838 646 909 propositi
675 855 738 894 eum
768 837 953 908 poenituisse3
986 851 1060 906 quae
1084 833 1115 887 in

157 919 191 972 ¹4
208 924 300 979 Deum
324 922 423 978 cadere
449 929 596 994 nequeunt
637 925 708 977 Aac.
742 922 819 977 Tene
844 921 931 994 igitur
954 920 1113 984 certissime,

207 1009 275 1081 quie
316 1006 377 1070 sine
415 1007 604 1064 satisfactione
638 1009 656 1063 i.
693 1025 716 1064 e.
752 1009 812 1064 sine
856 1007 943 1064 debiti
978 1005 1115 1062 solutione

209 1099 365 1164 spontanea
381 1110 432 1148 neo
451 1094 528 1150 Deus
556 1101 649 1166 potest
671 1099 819 1165 peccatum
838 1093 1007 1164 impunitum
1024 1090 1116 1144 dimit-

207 1184 267 1242 tere
289 1196 340 1234 nec
367 1185 498 1249 peccator
524 1181 561 1236 ad
584 1180 785 1238 beatitudinem
808 1181 854 1234 vel
877 1179 976 1246 talem,
1005 1175 1116 1247 qualem

207 1263 331 1320 habebat
352 1269 502 1336 autequam
529 1273 672 1337 peccaret,
698 1266 856 1337 pervenire;
883 1282 939 1319 non
965 1263 1038 1320 enim
1062 1262 1116 1317 hoc

209 1349 290 1404 modo
320 1355 496 1422 repararetur
520 1352 603 1408 homo
628 1353 674 1410 vel
699 1353 776 1422 talis,
806 1350 898 1424 quelis
926 1349 1019 1404 fueret
1049 1353 1116 1402 ante

158 1437 190 1490 15
208 1441 364 1507 peccatum.
388 1453 389 1456 ’
412 1439 481 1496 Bos.
516 1437 682 1494 Rstionibus
708 1437 765 1494 tuis
793 1436 902 1492 omnino
928 1433 1116 1490 contradicere

208 1537 264 1577 non
280 1539 401 1592 possum.
438 1521 495 1580 Sed
514 1525 582 1594 quid
602 1527 658 1594 est,
678 1525 753 1594 quod
771 1523 888 1578 dicimus
907 1520 982 1578 Deo:
1009 1519 1116 1572 dimitte

208 1609 288 1662 cobis
311 1609 406 1662 debito
432 1609 574 1676 costra;¹)
599 1614 627 1662 et
650 1608 739 1662 omnis
759 1625 829 1680 gens
848 1613 909 1664 orat
923 1606 1016 1660 Deum
1034 1619 1117 1676 quem

75 1717 81 1729 ·
115 1715 122 1734 1
158 1698 192 1749 16
209 1692 305 1760 credit,
323 1699 356 1746 ut
373 1691 495 1746 dimittet
511 1691 566 1746 sibi
583 1692 719 1762 percuss?
746 1692 777 1748 Si
796 1693 869 1748 eninr
888 1692 1021 1747 solvimus
1041 1689 1117 1762 quod

210 1776 356 1843 debemus,
380 1792 430 1830 our
448 1792 570 1846 orarum,
594 1783 626 1831 ut
644 1777 785 1832 dimittat?
820 1777 965 1848 Numquid
982 1777 1060 1832 Deus
1076 1775 1117 1830 in·

209 1861 299 1927 iustus
318 1865 375 1930 est,
399 1866 432 1920 ut
456 1862 555 1919 iterum
574 1862 669 1933 exiget
685 1865 759 1934 quod
780 1865 901 1920 solutum
920 1862 985 1918 est?
1021 1861 1051 1917 Si
1068 1877 1117 1916 au-

208 1953 265 2002 tem
282 1963 338 2002 non
352 1941 509 2017 'solvimus,
533 1963 583 2002 cur
606 1947 711 2003 frustra
733 1965 857 2019 emmiu,
881 1955 913 2006 ut
929 1948 1014 2006 faciat
1033 1947 1118 2019 quod,

159 2040 191 2091 17
210 2033 350 2104 quianon
373 2032 516 2102 convenit,
541 2033 633 2088 facere
656 2050 713 2088 non
735 2032 847 2102 potest?
881 2037 952 2089 Aras.
987 2034 1042 2100 Qui
1061 2051 1118 2088 non
1151 2053 1155 2059 ·

205 2118 306 2187 solvit,
331 2118 435 2174 frustra
453 2119 532 2174 dicit:
560 2118 685 2187 <timiam
708 2118 758 2189 qui
781 2125 874 2174 autern
891 2119 986 2188 solvit,
1012 2118 1118 2189 suppli·

210 2208 269 2272 cat,
293 2203 424 2273 quoniam
441 2205 493 2259 hoo
510 2205 603 2276 ipsum
619 2203 740 2276 pertinet
766 2205 803 2258 ad
819 2205 984 2260 solutionem
1000 2210 1034 2260 ut
1052 2220 1118 2274 sup-

209 2288 309 2360 plicet3
325 2303 390 2340 nem
408 2288 486 2344 Deus
505 2288 576 2342 nulli
592 2288 744 2360 quidquam
763 2291 854 2360 debet,
871 2290 922 2346 sed
939 2289 1028 2344 omnis
1042 2303 1118 2350 crea·

210 2379 274 2428 ture
298 2371 341 2426 illi
367 2372 466 2440 debet;
498 2379 526 2429 et
548 2375 613 2430 ideo
636 2392 692 2430 non
713 2375 829 2446 expedit
854 2361 971 2444 homini,
997 2378 1030 2430 ut
1051 2378 1120 2445 agat

159 2466 194 2518 18
211 2475 275 2516 cum
299 2456 376 2526 Deo,
405 2459 637 2526 quemadmodum
662 2477 714 2530 par
739 2477 804 2514 oum
828 2461 898 2530 pari.
933 2459 991 2516 Sed
1013 2458 1118 2514 dehoc

210 2562 267 2600 non
286 2548 329 2600 est
350 2559 421 2612 opus
444 2559 518 2596 nuno
543 2542 595 2597 tibi
616 2545 791 2614 respondere.
826 2544 897 2600 Cum
922 2545 996 2604 euim
1016 2560 1118 2616 eogno-

211 2646 285 2699 sces,
311 2645 361 2682 our
380 2625 505 2682 Christus
526 2633 650 2682 mortuus
675 2633 732 2698 est,
755 2628 873 2688 forsitan
896 2647 947 2702 per
964 2636 992 2686 te
1009 2629 1118 2688 videbis

160 2727 193 2779 19
211 2713 286 2787 quod
315 2713 432 2783 quaeris.
475 2716 545 2769 Bos.
577 2711 691 2768 ,Sufficit
719 2729 786 2786 ergo
806 2732 881 2772 nunc
903 2716 1014 2786 mihist)
1043 2714 1119 2786 quod

211 2799 246 2854 de
265 2797 317 2852 hec
336 2799 498 2868 quaestione
521 2799 680 2870 responde.
716 2799 798 2865 Quod
815 2807 909 2859 autem
926 2803 1019 2860 nullus
1036 2801 1119 2856 homo

209 2884 248 2939 ad
272 2879 474 2940 beatitudinem
497 2883 642 2955 pervenire
667 2891 752 2955 quest
770 2903 838 2946 cum-
851 2893 966 2957 peccato
982 2891 1032 2942 aut
1049 2883 1120 2943 solvi

208 2973 376 3042 apeccato,
402 2967 456 3028 uisi
476 2968 565 3024 solvat
582 2969 658 3040 quod
674 2971 768 3042 rapuit
784 2973 940 3044 peccando,
964 2971 1004 3026 sic
1024 2975 1120 3042 aperte

210 3055 381 3125 monstrasti,
398 3059 437 3123 ut,
455 3053 569 3116 etiamsi,
581 3054 672 3125 velim,
689 3073 746 3115 non
762 3057 867 3128 possim
884 3057 1019 3114 dubitare.

247 3201 249 3206 ’
281 3231 307 3292 u
328 3211 426 3283 Mate.
446 3191 470 3297 s,
492 3232 529 3284 12.

279 3299 307 3366 2)
328 3296 498 3354 SicAabc
516 3293 658 3351 BEFa.
