2636 3806
370 255 448 318 erra
465 255 567 314 osus
586 254 705 314 rouo.
739 253 777 315 11.
798 253 865 312 ab.
887 260 927 315 ιι.
1057 253 1098 325 79

193 434 222 484 ει
239 433 282 498 (ιιι
299 427 354 482 dici
371 427 451 496 solet)
471 427 580 500 quaeris
599 426 702 484 nodum
727 424 757 480 in
781 424 881 494 scirpo.
891 427 911 490 ¹)
947 425 1016 481 Bos.
1051 421 1098 478 An
1116 421 1149 474 26

176 531 222 570 ,εε
241 511 356 581 othon,
380 512 450 583 quid
470 512 618 568 obiecerim
645 507 869 568 excusationibus
892 506 948 563 tuis
970 505 1000 564 in
1016 505 1099 562 huius

194 596 391 668 disputationis
418 603 529 654 nostrae
558 595 711 667 principio,
752 594 819 667 quia
859 591 988 650 videlicet
1024 591 1100 664 quod

194 669 381 755 postulabam¹
396 699 453 740 non
476 682 584 740 faceres
608 681 711 750 doctis,
738 679 789 736 sed
807 679 874 736 mibi
893 684 922 736 et
938 677 992 735 hoc
1009 677 1101 750 ipsum

193 784 301 827 mecum
322 767 502 838 petentibus?
539 765 651 823 Sustine
674 767 774 840 igitur,
798 770 830 823 ut
851 783 903 836 pro
922 765 1054 820 tarditate
1073 772 1101 821 et
1118 767 1150 819 27

192 852 363 908 hebetudine
393 854 480 910 nostri
509 852 614 925 ingenii
639 866 786 924 quaeram,
815 856 952 921 quatenus
980 851 1047 907 mihi
1073 859 1101 908 ει

192 941 249 996 illis
276 940 360 996 etiam
386 940 416 995 in
439 937 593 1010 puerilibus
619 935 842 1010 quaestionibus,
869 936 941 994 siout
963 935 1100 1011 incepisti,

192 1024 357 1082 satisfacias.

270 1161 340 1249 Π.
392 1196 462 1250 Aac.
480 1194 541 1250 Iam
556 1192 686 1262 diximus,
703 1191 769 1264 quia
780 1192 860 1249 Deus
872 1191 1021 1264 improprie
1033 1194 1101 1250 dioi-
1120 1190 1133 1241 1

192 1287 238 1336 tur
265 1280 373 1352 aliquid
397 1297 455 1336 non
482 1296 565 1352 posse
592 1286 640 1334 sut
667 1276 832 1334 necessitate
858 1278 959 1336 facere.
1003 1278 1100 1336 Omnis

192 1365 298 1438 quippe
324 1366 475 1422 necessitas
500 1371 528 1420 et
552 1363 759 1435 impossibilitas
782 1363 842 1417 eius
861 1363 987 1420 subiacet
1004 1365 1100 1422 volun·

191 1451 252 1506 tsti.
287 1450 366 1506 Illius
384 1456 479 1506 sutem
499 1449 628 1506 voluntas
644 1448 714 1504 nulli
731 1447 860 1505 subditur
876 1449 1034 1504 necessitati
1051 1457 1101 1506 aut

192 1535 419 1606 impossibilitati.
454 1534 531 1592 Nihil
551 1536 625 1590 enim
643 1542 686 1590 est
704 1533 891 1590 necessarium
908 1541 958 1590 eut
976 1534 1132 1607 imponi-2

194 1620 263 1690 bile,
287 1622 342 1676 nisi
362 1621 430 1694 quia
446 1621 507 1692 ipse
527 1621 567 1676 ita
582 1621 657 1690 vult3
680 1620 772 1692 ipsum
793 1637 859 1677 vero
883 1624 933 1676 aut
955 1621 1027 1676 velle
1050 1627 1101 1676 aut

194 1705 269 1780 nolle
292 1706 400 1778 aliquid
422 1712 536 1778 propter
560 1704 755 1762 necessitatem
774 1711 824 1760 ant
841 1705 1100 1777 impossibilitatem,

195 1789 317 1844 alienum
342 1796 384 1846 est
409 1808 427 1847 a
452 1790 577 1848 veritate.
614 1791 735 1862 Quare‚·
753 1789 885 1864 quoniam
912 1792 1003 1847 omnia
1028 1793 1133 1864 quaet

196 1873 256 1928 vult
273 1881 301 1930 et
318 1892 375 1930 non
393 1861 447 1934 {risi
463 1893 534 1948 quae
553 1877 625 1942 vult,
648 1876 734 1946 facit3
761 1876 834 1932 sicut
853 1878 931 1934 nulla
950 1879 1103 1936 necessitas

195 1959 253 2015 sire
269 1959 478 2031 impossibilitas
493 1960 637 2033 praecedit
655 1961 714 2017 eius
732 1963 805 2019 velle
823 1970 872 2018 aut
889 1963 972 2032 nolle,
991 1963 1031 2019 ita
1046 1981 1099 2020 nec

101 2064 105 2072 ·
196 2044 254 2100 cius
270 2045 363 2102 iacere
380 2052 430 2102 aut
446 2063 502 2102 non
518 2045 625 2116 facere,
651 2047 777 2118 quamvis
805 2047 894 2103 multa
918 2048 986 2104 velit
1002 2049 1098 2104 immu-

194 2131 315 2187 tabiliter
341 2140 369 2188 et
394 2132 487 2188 iaciat.
531 2131 569 2188 Et
594 2131 668 2187 siout
695 2148 759 2186 cum
783 2131 862 2188 Deus
888 2133 958 2189 facit
983 2128 1134 2206 aliquid,4

193 2222 341 2289 postquam
361 2217 467 2274 factum
491 2224 548 2286 est,
571 2217 628 2272 iam
646 2234 702 2272 non
726 2224 820 2289 potest
843 2234 898 2274 non
915 2235 975 2275 esse
994 2219 1100 2276 factum

123 2299 124 2302 ’
190 2303 244 2358 'sed
271 2320 379 2376 semper
405 2320 504 2359 verum
530 2307 573 2359 est
596 2303 701 2360 tactum
727 2321 803 2374 esse,
826 2320 878 2360 nec
905 2308 999 2360 tamen
1026 2312 1101 2362 recte

193 2388 296 2444 dicitur
315 2389 485 2464 impossibile
502 2387 565 2444 Deo
583 2406 651 2460 esse,
670 2398 702 2447 ut
721 2391 808 2446 faeiat
825 2390 901 2462 quod
919 2390 1100 2461 praeteritum

193 2481 315 2530 estnon
338 2491 398 2531 esse
422 2474 617 2544 praeteritum
640 2473 710 2530 nihil
735 2474 810 2530 enim
831 2473 872 2530 ibi
896 2482 1026 2547 operatur
1051 2491 1099 2532 ne·

192 2558 307 2614 cessitas
337 2576 394 2615 non
421 2558 544 2621 faciendi
573 2564 623 2615 sut
647 2559 855 2631 impossibilitas
887 2560 1019 2628 faciendi,
1049 2560 1099 2616 sed

192 2642 247 2699 Dei
264 2644 324 2700 sola
342 2644 485 2713 voluntas,
510 2644 559 2714 qui
582 2644 729 2702 veritatem
751 2664 859 2718 semper
880 2646 957 2717 (quia
973 2645 1034 2716 ipse
1053 2661 1099 2700 ve-

182 2727 260 2808 ritas
278 2733 330 2800 εει)
350 2729 566 2800 immutabilem,
587 2730 660 2786 siout
676 2738 731 2801 est,
749 2749 808 2787 esse
825 2731 892 2784 vult
931 2728 976 2782 lta
993 2728 1018 2781 si
1035 2731 1131 2800 pro-5

192 2813 273 2884 ponit
293 2831 323 2870 se
342 2816 451 2887 aliquid
474 2815 684 2872 immutabiliter
703 2818 855 2884 facturum,
880 2813 1006 2886 quamvis
1024 2814 1098 2885 quod

192 2900 324 2970 proponit
351 2909 501 2972 antequam
527 2900 577 2957 fiat
602 2919 659 2956 non
683 2899 771 2970 possit
796 2917 852 2955 non
876 2917 936 2955 esse
965 2897 1097 2966 futurum,

192 3000 249 3039 non
271 2990 365 3042 tamen
393 2987 451 3044 ulla
479 2993 521 3042 est
547 2988 576 3042 in
605 3003 638 3042 eo
664 2985 786 3040 faciendi
809 2985 958 3042 necessitas
976 2990 1098 3040 autnon

191 3068 315 3127 faciendi
338 3071 561 3142 impossibilitas,
586 3071 651 3143 quia
674 3070 733 3125 sola
751 3078 882 3142 operatur
903 3071 933 3124 in
951 3086 986 3125 ea
1002 3068 1098 3124 volun·

263 3245 288 3309 l)
314 3242 358 3296 Ex
385 3245 511 3298 Terentii
536 3243 646 3297 Andria
672 3245 724 3295 aot
750 3249 822 3297 5sc.
845 3246 861 3295 4
885 3259 911 3295 v.
938 3245 970 3296 39
999 3239 1097 3296 sumsit

191 3307 244 3366 hoc
261 3311 441 3381 proverbium
458 3311 485 3369 S.
504 3312 661 3368 Anselmus.
