2636 3806
392 313 471 371 ουκ
488 311 917 371 DEUSHOMO..11.8-10.
1079 317 1119 384 61

213 485 323 542 sancti?
358 485 428 538 Aac.
448 482 478 539 Si
498 482 640 554 quaelibet
655 483 712 537 alia
725 499 845 553 persona
857 483 1027 554 incametur,'
1042 493 1123 542 erunt
1139 488 1157 538 4

210 575 272 628 duo
288 571 339 626 filii
357 571 388 625 in
407 567 552 636 Trinitate,
576 567 651 621 filius
670 567 777 623 scilicet
795 568 848 623 Dei
872 569 920 640 qui
944 575 973 624 et
1001 577 1065 626 ante
1080 572 1122 626 in·

213 657 401 714 narrationem
426 654 500 709 filius
525 659 582 722 est,
607 658 636 708 et
660 653 707 708 ille
726 654 774 724 qui
790 671 841 724 per
856 654 1073 712 incarnationem
1090 655 1122 710 sa

212 746 267 800 lius
298 742 352 799 erit
376 739 509 814 ‘virginis3
543 743 571 793 et
603 739 656 793 erit
689 737 718 792 in
743 740 884 809 personis,
913 757 986 812 quae
1014 743 1147 811 semper?

213 830 343 903 aequales
360 843 420 883 esse
439 825 555 894 debent,
581 822 765 896 inaequalitas
789 826 941 880 secundnm
958 826 1123 898 dignitatem

212 914 397 970 nativitatum.
453 909 616 982 Digniorem
655 925 775 980 namque
803 909 976 966 nativitatem
1007 911 1155 967 habebut

211 1008 294 1058 natus
319 1017 353 1055 ex
371 1000 447 1066 Deo,
471 1013 555 1068 quam
578 1002 718 1051 natusex
741 995 867 1067 Virgine.
902 994 974 1050 Item
997 994 1021 1048 si
1037 995 1123 1050 Pater
1207 1055 1209 1060 ,

213 1085 297 1140 fuerit
319 1084 495 1152 incarnatus,
519 1088 601 1136 erunt
625 1082 681 1136 duo
704 1087 818 1151 nepotes
836 1082 866 1135 in
884 1081 1032 1151 rl'rinr’tute,
1055 1083 1123 1154 quia

212 1171 298 1226 Pater
317 1169 370 1225 erit
386 1185 473 1237 nepos
494 1173 642 1239 parentum
652 1165 779 1236 Virginis
796 1184 847 1237 per
864 1167 1005 1224 hominem·
1020 1185 1124 1222 assum·

212 1262 281 1325 tum,
302 1262 330 1311 et
346 1254 472 1311 Verbum
491 1269 554 1306 oum
571 1249 642 1304 nihil
658 1251 762 1306 habeat
781 1252 817 1306 de
834 1252 954 1322 homine,
979 1270 1066 1325 nepos
1082 1259 1125 1308 ta-

212 1360 276 1397 men
295 1341 347 1396 erlt
363 1337 503 1410 Virginis,
529 1337 597 1408 quia
613 1335 667 1390 filii
684 1335 743 1391 eius
763 1337 816 1391 en't
831 1337 918 1407 filius-3
942 1354 1014 1409 quas
1031 1339 1125 1393 omnia

212 1423 435 1483 inconvenientia
472 1429 539 1477 sunt
576 1438 629 1476 nec
657 1422 687 1474 in
718 1421 908 1478 incarnatione
938 1426 1025 1482 Verbi
1058 1443 1123 1482 con-

211 1515 332 1586 tingunt.
372 1511 425 1565 Est
448 1513 477 1564 et
497 1508 590 1576 aliud,
619 1524 670 1562 cur
696 1507 956 1578 magisconveniat
982 1510 1156 1566 incarnarib

212 1601 285 1656 Filio
309 1613 393 1670 quam
418 1594 481 1650 aliis
505 1592 645 1665 personis:
670 1593 736 1664 qnia
759 1593 967 1650 convenientius
992 1604 1072 1651 sonat
1090 1597 1123 1652 fi-

212 1687 281 1740 lium
297 1683 456 1755 supplicare
475 1680 565 1751 patri,
589 1696 673 1750 quam
692 1678 774 1733 aliam
794 1679 941 1750 personam
959 1681 1015 1736 alii.
1050 1681 1122 1736 Item
1141 1683 1156 1730 7

213 1769 295 1824 homo
312 1786 363 1840 pro
376 1783 431 1838 quo
445 1770 505 1820 erat
522 1770 657 1833 oraturus,
676 1765 803 1820 diabolus
816 1783 897 1838 quem
910 1773 970 1822 erat
982 1783 1123 1838 expugna·

215 1861 305 1924 turus,
330 1853 413 1908 ambo
431 1850 532 1906 falsam
550 1851 759 1906 similitudinem
778 1850 832 1906 Dei
849 1868 900 1922 per
917 1853 1058 1924 propriam
1075 1870 1122 1908 vo·
1149 1881 1151 1888 v

216 1940 350 1994 luntatem
374 1941 604 2009 praesumserant
640 1935 724 1992 Unde
750 1935 830 2007 quasi
853 1936 1002 2007 specialius
1026 1933 1156 1992 adver-8

217 2033 264 2080 sus
280 2039 426 2096 personam
442 2022 509 2076 Filii
533 2027 734 2093 peccaverunt,
759 2021 807 2092 qui
831 2037 898 2075 vera
916 2020 1009 2075 Patris
1028 2020 1123 2075 simili·

215 2112 284 2165 tudo
303 2107 430 2164 creditur.
465 2107 512 2162 Illi
529 2108 633 2178 itaque,
653 2107 698 2162 oui
715 2105 863 2177 specialius
880 2105 913 2159 fit
930 2105 1038 2174 miuria,
1058 2123 1123 2161 con-

213 2195 372 2251 venientius
399 2191 562 2249 attribuitur
591 2192 691 2263 culpae
715 2191 838 2244 vindicta
865 2197 914 2244 aut
939 2190 1123 2263 indulgentia

215 2281 390 2351 Quapropter
406 2296 472 2333 oum
489 2277 560 2332 ratio
577 2294 628 2332 nos
646 2275 815 2331 inevitabilis
831 2275 992 2346 perduxerit
1009 2277 1045 2330 ad
1062 2277 1123 2346 hoc,
1140 2279 1157 2329 9

214 2373 247 2422 ut
264 2382 379 2421 necesse
398 2364 435 2418 sit
461 2363 584 2416 divinam
611 2368 640 2416 et
661 2361 812 2415 humanam
835 2364 963 2416 naturam
986 2363 1016 2416 in
1038 2379 1123 2417 unam

213 2451 360 2508 convenire
388 2465 548 2520 persenam,
577 2462 629 2502 nec
658 2445 711 2502 hoc
741 2446 801 2502 fieri
826 2446 916 2517 possit
942 2448 971 2501 in
995 2447 1123 2519 pluribus
1146 2486 1148 2494 ,

212 2536 339 2609 personis
364 2535 430 2603 Dei,
458 2539 486 2588 et
506 2532 558 2587 hcc
583 2533 790 2588 convenientius
809 2532 869 2588 fieri
891 2537 987 2604 pateat
1011 2531 1040 2584 in
1062 2548 1124 2600 per-

213 2639 282 2677 sona
304 2618 393 2677 Verbi
416 2637 500 2691 quam
524 2619 553 2672 in
579 2619 657 2689 aliis3
682 2635 796 2673 necesse
820 2624 863 2673 est
884 2616 1008 2673 Verbum
1031 2616 1124 2670 Deum

213 2714 243 2763 et
269 2706 410 2761 hominem
435 2707 465 2759 in
492 2721 577 2760 unam
605 2704 752 2759 convenire
779 2718 932 2774 personam.
968 2705 1036 2756 Bor.
1077 2701 1123 2757 Sic
1143 2695 1175 2746 10

215 2797 258 2847 est
274 2791 335 2857 via,
364 2807 420 2863 qua
438 2806 482 2844 me
500 2788 592 2860 ducis,
615 2791 739 2861 undique
757 2787 863 2842 munita
881 2786 1002 2853 ratione,
1025 2793 1058 2842 ut
1076 2803 1124 2840 ne·
1200 2835 1209 2842 ,

216 2893 270 2948 que
290 2879 327 2933 ad
342 2878 483 2934 dexteram
501 2895 593 2950 neque
612 2880 650 2934 ad
674 2876 812 2931 sinistram
829 2871 939 2929 videam
960 2891 1003 2928 me
1021 2873 1057 2928 ab
1075 2872 1124 2926 illa

214 2977 296 3034 posse
323 2962 471 3020 declinare.
514 2966 583 3019 Aac.
619 2965 682 3020 Non
707 2978 759 3034 ego
787 2964 816 3014 te
834 2959 906 3015 duco
925 2959 974 3013 sed
1000 2957 1060 3025 ille,
1088 2957 1124 3012 de

215 3065 271 3119 quc
296 3048 450 3121 loquimur,
473 3049 606 3122 sineque
625 3049 694 3104 nihil
711 3064 873 3119 possumus,
898 3061 948 3099 nos
966 3042 1044 3096 ducit
1062 3041 1124 3096 ubi·

215 3149 327 3205 cunque
344 3135 418 3190 riam
436 3135 560 3190 veritatis
579 3141 713 3190 tenemus.

294 3273 365 3360 10.
411 3308 480 3360 Aac.
515 3305 616 3362 Utrum
638 3312 731 3360 antem
754 3303 837 3358 homo
854 3299 902 3356 ille
920 3298 957 3354 sit
973 3297 1155 3352 moriturusl

212 3407 247 3446 ex
267 3390 375 3461 debito,
398 3391 472 3447 sicut
495 3409 588 3447 omnes
611 3391 667 3446 alii·
681 3390 804 3445 homines
828 3403 861 3442 ex
882 3384 977 3441 debito
1002 3382 1122 3438 moriun-
