2636 3806
361 289 453 349 'etta
467 275 568 348 nans
585 289 703 350 nouo.
738 293 776 350 Π.
794 298 834 350 ιο.
856 299 896 350 11.
1061 295 1103 362 65

197 467 226 516 et
245 461 333 516 omnis
351 461 433 517 homo
453 461 619 516 naturaliter
635 463 759 518 mortalis
779 461 836 518 sit?
870 463 940 518 Ans.
957 463 1021 519 Non
1033 465 1135 534 putot

195 545 393 602 mortalitatem
410 546 447 600 ad
470 560 569 617 puram
591 548 640 602 sed
660 549 697 604 ad
713 556 870 620 corruptam
886 548 1004 604 hominis
1022 556 1103 606 natu-

100 690 109 704 *
196 647 256 685 ram
278 630 424 701 pertinere.
461 629 571 702 Quippe
594 630 617 686 si
639 649 782 706 nunquam
802 641 949 705 ¹peccasset
972 634 1052 690 homo
1075 639 1136 692 etl

196 715 390 771 immortalitas
408 717 496 788 ipsius
524 717 733 773 imutabiliter
751 717 860 772 firmata
878 724 965 788 esset,
987 736 1044 774 non
1059 723 1101 774 ta-

196 819 260 857 men
285 802 376 856 minus
401 800 482 856 homo
509 806 583 857 esset
605 817 703 873 verns3
731 807 759 856 et
783 803 898 874 quando
918 803 1047 858 mortales
1073 803 1123 858 in·
1161 839 1162 842 =

196 885 458 958 incorruptibilitate
483 892 642 958 resurgent,
670 905 726 942 non
750 888 842 943 minus
870 892 951 942 erunt
975 888 1034 943 veri
1054 885 1103 944 ho·

195 972 299 1034 mines3
324 989 390 1027 nam
406 968 437 1026 'si
459 973 610 1043 pertineret
630 972 668 1028 ad
690 971 836 1027 veritatem
861 972 999 1028 humanae
1023 979 1102 1027 natu-

175 1071 242 1113 ·rae
269 1058 438 1128 mortalitas,
461 1074 638 1131 nequaquam
655 1063 749 1129 posset
766 1073 826 1112 esse
843 1057 938 1127 homo,
963 1058 1012 1130 qui
1030 1063 1103 1113 esset
1157 1072 1162 1091 t

90 1213 92 1216 Ι
195 1144 373 1214 immortalis3
396 1161 452 1199 non
477 1161 543 1216 ergo
568 1144 688 1216 pertinet
707 1144 744 1198 ad
762 1142 948 1198 sinceritatem
965 1133 1104 1198 humanae

194 1234 311 1284 naturae
341 1229 559 1300 corruptibilitas
587 1230 645 1284 sive
674 1227 937 1299 incorruptibilitas,
968 1226 1098 1298 quoniam

173 1320 295 1368 neutra
317 1313 386 1368 facit
410 1318 460 1368 aut
482 1313 599 1368 destruit
620 1313 773 1383 hominem,
801 1313 851 1366 sed
868 1312 956 1366 altera
971 1313 1047 1368 valet
1065 1311 1102 1366 ad

195 1398 255 1465 eius
282 1387 449 1468 miseriam,⁸
463 1398 551 1454 altera
577 1400 614 1453 ad
643 1398 851 1453 beatitudinem.
882 1395 944 1450 -Sed
972 1393 1136 1468 quoniam'5

195 1484 289 1538 nullus
312 1483 394 1539 homo
420 1485 528 1554 estqui
552 1500 608 1538 non
626 1483 772 1552 moriatur,
797 1482 901 1536 ideireo
922 1483 1036 1537 mortale
1053 1499 1103 1552 po·

175 1569 271 1623 “nitur
302 1569 331 1623 in
357 1568 474 1624 hominis
503 1567 663 1624 definitione
690 1586 707 1623 a
734 1567 950 1639 philosophiae
978 1566 1026 1637 qui
1047 1582 1104 1620 non

195 1655 372 1709 erediderunt
390 1659 480 1710 totum
495 1654 636 1710 hominem
655 1654 805 1726 aliquando
817 1651 942 1723 potuisse
959 1657 1008 1707 aut
1021 1667 1104 1722 posse

175 1757 256 1795 esse
283 1739 473 1796 immortalem.
522 1742 616 1808 Quare
644 1757 701 1795 non
726 1738 831 1794 sufficit
854 1737 891 1792 ad
917 1735 1140 1792 demonstran-6
1193 1733 1197 1744 ’

175 1823 263 1879 'dum
281 1825 361 1880 illum
385 1825 523 1882 hominem
550 1826 651 1882 debere
679 1825 824 1881 mortalem
851 1837 925 1892 esse,·
945 1823 1012 1892 hoe,
1037 1822 1122 1894 quia·

197 1926 278 1964 verus
296 1909 377 1966 homo
398 1912 456 1966 erit.
492 1915 562 1966 Boa.
589 1911 697 1977 Quaere
722 1928 788 1982 ergo
808 1916 840 1965 tu
859 1909 943 1964 aliam
959 1909 1136 1977 rationem,l

199 1995 264 2065 quia
285 2013 337 2066 ego
358 1995 435 2050 illam
461 1999 556 2052 neseio
583 1998 664 2050 situ
689 1995 793 2060 nescis,
824 2008 880 2064 qua
901 1994 948 2048 ille
970 1985 1122 2063 probetur¹

197 2092 279 2150 posse
298 2083 375 2137 mori.
411 2083 481 2136 Ans.
515 2079 641 2134 Dubium
668 2096 724 2134 non
750 2084 806 2148 eat,
833 2078 900 2148 quia
928 2077 1001 2132 sicut
1026 2077 1104 2132 Deus

97 2196 101 2203 ,
199 2165 268 2235 erit,
295 2167 335 2222 ita
358 2167 532 2238 omnipotens
551 2164 615 2220 erit
652 2166 721 2218 Boo.
755 2163 861 2219 Verum
885 2168 933 2218 est.
969 2165 1038 2220 Aca.
1059 2162 1105 2219 ei

198 2267 265 2322 ergo
290 2253 376 2321 volet,
390 2245 502 2322 'poterit
527 2251 649 2304 animam
672 2265 751 2302 suam
777 2264 879 2319 ponere
898 2248 1042 2302 etiterum
1060 2265 1105 2302 sn-

173 2351 279 2390 mere.
314 2339 384 2390 Boa.
419 2335 449 2393 Si
471 2336 524 2390 hoc
546 2352 602 2389 non
628 2340 733 2404 potest,
756 2349 812 2386 non
837 2333 947 2388 videtur
971 2335 1046 2404 quod
1070 2333 1106 2388 sit

197 2421 379 2493 omnipotens.
413 2423 484 2475 Aoo.
520 2419 628 2475 Poterit
650 2418 737 2490 igitur
760 2431 902 2488 nunquam
926 2420 994 2473 mori
1017 2418 1041 2472 si
1058 2435 1104 2472 vo-
1123 2415 1152 2482 Β,

196 2507 251 2574 let,
275 2514 302 2562 et
325 2507 428 2578 poterit
453 2505 522 2560 mori
547 2511 575 2560 et
599 2519 750 2576 resurgere.
788 2505 851 2560 Sive
875 2508 967 2559 autem
985 2503 1106 2567 animam

197 2609 276 2646 auam
294 2598 381 2662 ponat
398 2591 475 2647 nullo
495 2591 550 2646 alio
567 2590 702 2659 iaciente,
716 2589 778 2644 sive
799 2589 870 2644 alius
887 2578 940 2644 hoc
960 2589 1054 2657 faeiat,
1073 2593 1120 2642 ut*

198 2694 258 2732 eam
287 2684 374 2748 ponat
399 2677 459 2752 ipso
490 2677 680 2748 permittente:
711 2682 846 2749 quantum
875 2676 911 2728 ad
939 2679 1117 2758 potestatem¹

197 2761 268 2815 nihil
289 2761 390 2816 differt.
428 2767 495 2818 Boa
513 2765 577 2820 Non
596 2767 639 2816 est
658 2761 782 2817 dubium.
818 2763 888 2814 Aca.
906 2757 936 2814 Si
955 2759 1041 2832 igitur
1057 2777 1103 2814 vo·
1122 2760 1138 2808 9

196 2845 279 2900 luerit
295 2847 474 2919 permittere,
491 2847 594 2919 poterit
611 2847 715 2909 oceidi3
739 2853 768 2901 et
785 2847 808 2900 si
825 2846 960 2916 noluerit,
982 2862 1038 2900 non
1056 2863 1105 2916 po-

196 2931 270 2986 terit.
305 2936 374 2987 Bos.
410 2933 458 2986 Ad
485 2934 538 2987 hoe
560 2948 611 2986 nos
629 2930 862 2988 indeclinabiliter
879 2933 1007 3002 perducit
1024 2929 1103 2985 ratio.

196 3017 266 3070 Aac.
301 3017 385 3074 Ratio
404 3035 517 3090 quoque
535 3034 585 3072 nos
604 3017 706 3086 docuit,
723 3019 790 3088 quia
808 3023 916 3090 oportet
936 3033 999 3071 eum
1016 3015 1104 3069 maius
1124 3013 1155 3066 10

197 3099 303 3172 aliquid
320 3102 421 3158 habere
440 3121 523 3175 quam
542 3102 678 3174 quidquid
697 3104 749 3159 sub
766 3103 828 3159 Deo
846 3110 896 3172 est,
915 3101 989 3173 quod
1007 3101 1105 3171 sponte

269 3341 296 3411 1)
314 3341 370 3398 Cir.
389 3343 550 3397 Aristotelia
568 3342 722 3412 Analytica
736 3340 833 3396 Priora
854 3345 877 3410 l,
895 3344 936 3396 31.
954 3339 1000 3396 all

921 3433 935 3481 5
