2636 3806
377 319 380 328 Δ
406 295 483 356 CUR
499 295 601 355 DEUS
620 297 738 356 HOMO.
774 299 796 357 Ῑ.
817 306 857 357 18.
880 305 919 358 19.
1069 299 1111 365 39

199 485 333 542 possum3
360 471 410 525 sed
435 485 546 526 sensum
572 484 667 527 eornm
689 470 729 524 ita
753 469 877 542 cogitare
893 483 1015 540 nequeo,
1038 469 1111 524 sieut

204 556 355 611 falsitatem
372 573 428 610 non
451 571 565 626 possum
587 556 744 628 inteliigere
768 555 912 611 veritatem
937 571 1004 610 esse.
1039 555 1108 608 Am.
1129 559 1145 610 6

205 643 268 699 Non
283 641 365 696 decet
387 658 454 712 orgo
473 641 578 710 Deum,
600 641 739 696 hominem
762 647 924 711 peccantem
946 640 1007 695 sine
1031 641 1110 694 satis-

200 725 325 783 ·iactione
352 727 389 781 ad
414 728 643 783 restaurationem
667 727 831 798 angelorum
857 741 997 782 {assumere
1018 725 1109 796 perdi-

202 821 309 881 torum,
328 813 459 884 quoniam
475 830 532 868 non
549 812 656 885 patitur
667 813 769 868 veritas
783 830 846 868 eum
863 811 997 868 levariad
1009 827 1112 882 aequa·

203 900 311 954 litatem
329 898 482 954 beatorum.
492 901 512 966 1)
547 900 615 953 Bos.
633 899 679 955 Sic
696 898 817 954 ostendit
834 899 914 954 ratio.
949 898 1019 953 Ans.
1041 897 1111 952 Con·
1129 904 1144 953 7

105 1019 106 1024 1
206 986 298 1042 sidera
317 985 400 1041 etiam
419 985 449 1040 in
468 984 526 1039 solo
544 983 655 1039 bomine
672 983 731 1039 sine
748 984 801 1039 hoc
821 984 915 1056 quia²)
932 983 1016 1040 debet
1027 999 1111 1054 ange·

205 1070 239 1125 lis
258 1071 380 1143 aequari,
399 1076 493 1125 utrum
510 1087 573 1125 eum
589 1070 683 1124 taliter
693 1069 772 1126 Deus
789 1069 826 1124 ad
850 1069 1051 1134 beatitudinem
1070 1068 1112 1124 ub

205 1154 262 1208 lam
286 1153 332 1210 vel
347 1155 446 1224 talem,
471 1156 582 1227 qualem
598 1154 721 1212 habebat
739 1161 889 1227 antequam
904 1159 1044 1227 peccaret,
1066 1155 1112 1209 ds-

204 1239 271 1296 beat
295 1239 466 1311 provehere?
513 1243 581 1295 Bos.
616 1241 671 1296 Dic
694 1247 727 1296 tu
752 1242 831 1312 qnod¹
857 1241 978 1314 cogitas,
1004 1247 1033 1295 et
1059 1257 1111 1311 ego

205 1326 387 1382 considerabo
406 1331 491 1397 ‘prout
513 1331 618 1396 potero.
653 1331 722 1381 Arsa.
759 1327 898 1382 Ponamus
925 1325 1039 1382 divitem
1062 1326 1149 1382 ali-8

205 1429 287 1484 quem
306 1412 336 1466 in
353 1430 438 1467 mann
457 1419 551 1466 tenere
568 1411 748 1482 margaritam
764 1411 922 1483 pretiosam,
941 1429 1025 1483 quam
1042 1427 1113 1466 nun·

204 1513 288 1568 quam
314 1498 432 1568 pollutio
455 1498 514 1554 ulla
537 1497 631 1569 tetigit
656 1513 795 1568 quamque
817 1495 911 1550 nullus
935 1497 1006 1551 alius
1026 1498 1114 1568 possit

204 1599 333 1639 amovere
360 1584 394 1639 de
421 1601 505 1640 manu
530 1584 589 1639 eius
613 1583 668 1638 nisi
692 1582 753 1653 ipso
780 1582 971 1653 permittente;
998 1587 1027 1637 et
1050 1599 1113 1638 eam

206 1667 336 1739 disponat
360 1669 510 1725 recondere
532 1669 562 1723 in
583 1669 744 1724 thesaurum
769 1683 863 1737 suum,
886 1667 936 1722 ubi
961 1674 1028 1724 sunt
1049 1668 1113 1722 oha-

204 1753 315 1809 rissima
336 1761 364 1810 ot
383 1755 582 1826 pretiosissima
599 1771 672 1826 quae
688 1755 820 1826 possidet.
856 1757 925 1809 Bos.
944 1752 1043 1825 (308ito
1060 1753 1113 1808 ¹¹⁰0
1149 1749 1153 1758 ἱ
1194 1760 1199 1772 ’
1312 1819 1313 1846 ,

204 1839 364 1895 volutante
386 1855 444 1898 nos.
469 1843 548 1896 ,Ana
585 1841 673 1910 Quid,
700 1843 723 1894 si
746 1841 805 1912 ipse
829 1842 973 1911 permittat
996 1840 1149 1898 eandem9

204 1925 383 1996 margaritam
410 1926 447 1981 ab
465 1927 560 1999 aliquo
591 1927 687 1982 invido
712 1925 803 1983 excuti
832 1927 867 1983 de
898 1944 982 1982 manu
1008 1943 1059 1982 sna
1084 1928 1113 1982 in

205 2023 336 2079 coenum,
367 2027 431 2065 oum
461 2011 611 2082 prohibere
637 2011 768 2082 possita)
796 2029 830 2066 ac
861 2018 958 2083 postea
989 2027 1050 2068 eam
1077 2014 1114 2068 ds

101 2134 103 2138 ,
205 2109 291 2150 coeno
314 2110 425 2150 sumens
444 2095 579 2166 pollutam
602 2099 631 2150 et
653 2111 709 2150 non
731 2097 817 2152 lotam
836 2097 866 2151 in
881 2097 1004 2168 aliquem
1020 2097 1113 2153 locum
1150 2129 1154 2135 =
1198 2157 1207 2174 ⁸
1311 2097 1312 2104 ’

205 2195 286 2234 snum
305 2180 439 2234 mundum
456 2185 485 2235 et
502 2181 625 2250 charum,
643 2181 774 2252 deinceps
794 2183 870 2236 illam
886 2183 930 2236 sio
943 2187 1113 2254 servaturus,

203 2266 353 2324 recondat:
381 2265 530 2336 putabisne
553 2265 631 2320 illum
657 2267 830 2336 sapientem?
865 2270 933 2323 Bos.
969 2267 1113 2332 Quomodo
1133 2275 1166 2324 10

205 2352 258 2408 hoc
277 2351 408 2422 possum?
434 2355 607 2406 nam'nonne
625 2356 698 2405 esset
718 2351 785 2406 satis
804 2353 911 2421 melius,
929 2359 961 2408 ut
980 2353 1113 2425 margarit

203 2444 263 2492 tam
284 2452 363 2491 suam
380 2437 513 2491 mundam
537 2441 644 2492 teneret
669 2442 697 2491 et
717 2444 840 2494 servaret
855 2454 946 2512 qnam⁸
955 2439 1112 2510 pollutam?

206 2524 277 2576 Ana.
310 2522 409 2580 Nonne
425 2521 551 2576 similiter
568 2521 674 2577 moeret
691 2522 784 2593 Deus,
808 2524 857 2596 qui
872 2525 1010 2581 bominem
1028 2542 1113 2596 ange-
1135 2530 1164 2581 11

203 2607 240 2661 iis
267 2607 430 2662 sociandum
450 2605 512 2664 eine
535 2612 652 2680 peccato
677 2608 757 2678 quasi
780 2609 809 2663 in
832 2625 916 2665 manu
933 2627 984 2665 suu
1001 2611 1116 2666 tenebat

206 2692 236 2746 in
262 2693 395 2764 paradiso
422 2701 451 2750 et
476 2694 609 2766 permisit,
636 2699 669 2748 ut
694 2691 828 2749 accensus
852 2694 959 2749 invidia
986 2694 1114 2750 diabolus

207 2793 272 2833 eum
288 2779 426 2835 inlutum
452 2780 560 2850 peccati
583 2777 709 2850 quamvis
727 2778 945 2834 consentientem
963 2779 1115 2838 deiiceret?
1150 2815 1154 2822 ·

208 2863 239 2919 Si
255 2864 328 2919 enim
350 2864 498 2936 prohibere
521 2865 606 2920 vellet
633 2863 785 2932 diabolum,
808 2880 865 2917 non
890 2872 985 2938 posset
1007 2862 1114 2922 tentam

207 2945 353 3004 bominem.
389 2949 497 3018 Nonne,
514 2949 638 3020 inquam,
658 2943 784 3006 similiter
803 2949 916 3022 iaceret,
933 2952 958 3006 si
974 2951 1114 3006 hominem
1134 2949 1166 3000 12

130 3050 132 3054 ¹
206 3033 316 3101 peccati
353 3033 434 3089 sorde
470 3035 639 3090 maculatum
676 3037 735 3092 sine
767 3037 842 3092 omni
873 3036 1012 3093 lavatione
1041 3034 1059 3089 i
1088 3051 1112 3092 e.

277 3221 465 3283 liberatorum
483 3222 565 3277 Abc
581 3219 815 3277 BCDEFa-
832 3222 964 3275 corsorum
981 3221 1038 3277 Aa
1054 3221 1114 3278 Pb.

275 3290 301 3357 2)
320 3291 380 3342 siae
398 3291 450 3345 boo
468 3292 553 3360 qaia.-
571 3308 644 3346 omn.
662 3289 749 3350 codd..

276 3362 302 3426 3)
320 3358 365 3414 Ita
383 3375 455 3414 omn.
475 3359 562 3414 Oodd.
670 3389 672 3396 ·
