2636 3806
96 273 100 278 ’
179 301 210 342 ¹v
443 307 662 364 parmomo
681 307 870 370 norroars.

177 490 346 567 paternam
370 481 405 546 iu
427 480 614 546 coenobium
638 481 848 566 reciperetur,
880 481 1049 567 paullatim
1074 483 1135 550 fer-

175 588 286 635 vorem
306 566 491 651 religiosum
516 585 646 650 prorsus
671 566 809 632 abiicere
833 566 905 632 inca
929 567 955 632 it
980 569 1134 634 animum·

176 673 238 736 que
254 658 352 718 antea
364 649 479 718 studiis
493 649 635 716 deditum
650 649 803 716 distinere
816 672 892 717 mun
914 653 985 720 anis
1000 653 1133 740 deliciis,

174 739 222 804 ita
243 745 359 821 tamen,
380 743 415 802 ut
436 734 587 820 quamdiu
604 742 709 801 mater
727 735 845 802 dilecta
859 744 945 804 esset
959 745 1133 824 superstes,

175 825 315 889 claustra
336 820 467 906 pudoris
485 839 549 885 non
569 819 790 905 perfringeret.
826 822 869 887 At
884 823 968 888 enim
982 823 1133 890 defuncta

173 908 401 991 Ermenberga,
423 905 528 990 „illico
550 904 643 971 navis
666 906 769 972 cordis
785 904 862 990 eius,
883 909 977 994 quasi
991 908 1132 976 anchora

172 992 314 1078 perdita,
339 990 373 1055 in
399 989 514 1056 fluctus
539 989 660 1056 saeculi
681 1011 786 1075 paene
810 997 879 1057 tota
900 992 1029 1079 dilapsa
1052 992 1131 1060 est.“

171 1077 346 1166 Accessit,
363 1075 449 1224 prod
469 1076 534 1142 Dei
561 1075 777 1153 inscrutabilis
803 1097 841 1142 sa
863 1075 964 1147 ientia
982 1078 1131 1162 permisit

172 1171 205 1228 et
225 1162 259 1228 in
280 1162 368 1227 Anse
382 1161 425 1224 mi
454 1161 589 1227 salutem
617 1159 725 1245 vertit,
754 1160 827 1227 Gon
850 1161 906 1226 ulfi
931 1163 1034 1247 patris
1057 1185 1129 1230 con-

170 1253 222 1312 tra
243 1247 343 1311 filium
364 1247 398 1311 in
426 1244 496 1312 dies
525 1265 672 1311 crescens
696 1244 803 1310 odium
825 1249 1004 1330 acerbaque
1025 1248 1128 1332 indig-

170 1332 267 1415 natio,
290 1351 373 1414 quae
394 1330 574 1396 humilitate
596 1350 660 1394 non
683 1329 776 1398 modo
797 1331 890 1396 leniri
912 1333 1047 1418 nequiit,
1070 1333 1128 1400 sed

169 1417 267 1484 etiam
288 1422 487 1500 exaggerata
508 1422 566 1482 est.
609 1415 693 1480 Hinc
711 1416 820 1500 patria
844 1417 973 1500 relicta,
1002 1416 1127 1485 iuvenis

168 1509 380 1587 posteaquam
413 1500 530 1586 Alpes
555 1499 644 1570 haud
679 1500 750 1566 sine
791 1500 919 1585 magnis
963 1503 1126 1570 laboribus

164 1586 342 1686 superavit,
363 1587 398 1652 in
418 1584 606 1668 Burgundia
627 1590 659 1652 et
679 1585 820 1650 Francia
836 1585 1011 1652 triennium
1023 1593 1126 1656 trans-

167 1679 251 1756 eg1t5
283 1671 406 1742 deludo·
430 1670 607 1755 Abrincas,
637 1688 736 1751 quae„
755 1671 832 1736 urbs
862 1669 897 1736 in
928 1671 1128 1739 Normannia

165 1758 231 1822 sita
258 1761 325 1840 est,
355 1755 552 1839 aliquamdiu
580 1754 762 1828 demoratus
791 1755 1019 1824 monasterium
1045 1757 1125 1824 cele-

165 1841 337 1906 berrimum
367 1841 529 1907 Beceense
561 1840 670 1924 petiit,
704 1839 756 1904 cui
781 1839 955 1908 Herluinus
986 1841 1126 1926 praefuit

166 1927 294 2010 Abbas,
336 1925 429 2000 Prior
470 1931 577 1990 autem
611 1923 823 1990 Lanfranous.
877 1925 987 1992 Huius
1022 1927 1125 2012 ipsius

164 2011 350 2080 scholastici
371 2010 492 2094 pietate
513 2009 635 2094 pariter
656 2029 696 2074 ac
717 2007 879 2093 sapientia
899 2019 932 2077 et
945 2012 1131 2078 eruditione

164 2095 354 2165 multimoda
385 2093 549 2180 conspicui
575 2093 678 2179 fama,
706 2113 790 2176 quae
810 2094 944 2164 clericos
963 2116 1005 2162 ex
1024 2098 1123 2164 omni-

164 2181 224 2252 bus
266 2181 366 2251 ferme
408 2179 658 2246 occidentalibus
699 2179 793 2246 terris
852 2182 1123 2250 raestantissimos

163 2267 305 2350 undique
327 2264 453 2349 allexit,
486 2285 551 2330 non
574 2263 677 2350 potuit
698 2284 801 2331 none
838 2285 924 2350 cere,
953 2274 989 2332 ut
1008 2266 1122 2334 Ansel-

163 2371 234 2418 mus
267 2371 302 2416 se
333 2351 402 2418 eius
429 2349 580 2415 subderet
605 2348 790 2432 magisterio
819 2351 989 2418 studiosus.
1041 2351 1123 2418 Cum

163 2455 271 2502 amore
292 2434 445 2503 vanitatis
470 2439 503 2499 et
523 2433 714 2500 insolentiae
734 2434 789 2498 diu
812 2434 1010 2502 conflictatus
1033 2443 1122 2503 etex

162 2519 344 2588 huiusmodi
357 2518 581 2590 vexationibus
596 2518 697 2586 vietor
711 2538 871 2604 egressus,
885 2521 982 2587 Becci
991 2521 1121 2588 XXVII

161 2625 264 2674 annos
285 2612 379 2672 natus
400 2601 622 2678 monachalem
642 2602 786 2668 habitum
809 2606 961 2676 assumsit
981 2606 1122 2684 bauain

160 2690 266 2776 finem,
293 2697 329 2755 ut
350 2690 440 2756 Deus
462 2689 550 2755 solus
570 2707 629 2753 sua
650 2687 777 2771 requies
800 2696 833 2754 et
853 2691 1002 2777 intentio,
1031 2691 1119 2758 solus

160 2795 251 2843 amor
278 2776 347 2840 eius
374 2773 599 2858 contemplatio
627 2792 701 2857 sua,
729 2773 830 2839 beata
851 2785 884 2842 et
904 2776 1037 2844 assidua
1055 2795 1119 2840 me·

159 2861 263 2926 moria
294 2860 364 2925 eius
403 2859 482 2924 lelix
519 2859 662 2924 solamen
693 2864 726 2922 et
762 2860 896 2927 satietas
928 2881 988 2926 sua
1018 2859 1119 2926 lieret.

158 2942 276 3012 'Iiibus
306 2945 399 3010 annis
422 2943 581 3030 peractis,
608 2942 789 3009 Lanfranoo
817 2944 1026 3012 Oadomensis
1048 2965 1118 3012 coo-

158 3031 247 3106 nobii
268 3029 412 3113 regimen
434 3028 552 3115 adepto
571 3028 725 3094 suecessit
746 3027 779 3092 in
802 3031 906 3113 gradu
926 3026 1056 3112 Prioris,
1078 3052 1118 3098 ac

157 3114 308 3180 defuncto
335 3115 491 3181 Herluino
526 3134 555 3179 a.
584 3113 666 3178 1078
693 3113 836 3181 unanimi
864 3117 1013 3186 Fratrum
1044 3135 1117 3187 cou-

156 3213 255 3266 'sensu
283 3199 392 3265 Abbas
420 3199 592 3266 Bencensis
619 3207 792 3284 promotus·
810 3207 867 3266 est.
911 3200 1117 3267 Orationibus

156 3283 277 3370 vigiliis
298 3285 558 3352 meditationibus
583 3283 750 3367 insistens,
780 3285 972 3353 coelestibus
1002 3284 1116 3352 studiis

155 3368 304 3456 imbutus,
333 3371 498 3440 monachis
520 3369 702 3439 erudiendis
724 3367 934 3441 admonendis
957 3372 1116 3458 corrigen-
