2636 3806
429 1261 839 1349 CAPITULA.
933 1239 934 1243 ‘

175 1759 197 1808 1.
222 1750 362 1821 Quaestio,
382 1752 417 1808 de
435 1769 492 1824 qua
508 1757 596 1809 totum
618 1771 688 1826 opus
705 1755 816 1827 pendet.

173 1859 198 1910 2.
225 1853 367 1918 Quomodo
384 1856 550 1927 accipienda
569 1863 633 1912 sunt
652 1875 693 1928 ea,
711 1875 782 1930 quae
799 1858 918 1913 dicenda
934 1863 1006 1914 sunt.

172 1960 197 2011 3.
226 1953 400 2014 Obieotiones
419 1959 574 2015 infidelium
596 1968 623 2016 et
641 1961 834 2032 responsiones
853 1960 984 2014 fidelium.

172 2065 197 2115 l.
226 2059 306 2124 Quod
334 2062 388 2118 hee
415 2064 608 2134 responsiones
633 2064 778 2119 videantur
800 2062 958 2118 infidelibus
982 2063 1042 2121 sine
1066 2081 1113 2120 ne-

223 2147 352 2203 cessitate
369 2154 397 2202 et
414 2150 494 2220 quusi
515 2151 651 2221 quaedam
669 2152 801 2221 pictmae.

172 2256 197 2304 5.
221 2249 301 2314 Quod
317 2251 449 2306 redemtio
469 2251 587 2307 hominis
604 2271 659 2308 non
678 2252 769 2324 potuit
787 2252 848 2308 lieri
867 2271 917 2324 per
931 2253 1014 2308 eliam
1028 2270 1114 2328 quem

222 2353 273 2406 per
292 2335 346 2391 Dei
363 2353 517 2407 personam.

172 2444 197 2493 6.
222 2438 365 2504 Quomodo
392 2439 597 2511 reprehendent
619 2439 758 2509 infideles,
785 2443 859 2513 quod
886 2441 1003 2496 dicimus
1021 2442 1113 2498 Deum

224 2531 313 2582 morte
333 2544 385 2580 sue
407 2544 458 2582 nos
484 2525 634 2581 redemisse
652 2535 680 2581 et
698 2527 738 2580 sio
756 2527 932 2583 dilectionem
950 2545 1028 2582 suum
1046 2545 1113 2600 ergo

224 2627 274 2665 nos
291 2612 445 2667 ostendisse
461 2619 488 2668 et
499 2631 550 2683 pro
561 2613 642 2668 nobis
660 2629 820 2684 expugnare
838 2613 979 2668 diebolum
995 2615 1112 2669 venisse.

174 2721 199 2768 7.
224 2713 304 2778 Quod
324 2715 428 2768 nullum
447 2715 574 2770 diabolus
594 2715 716 2770 habebat
734 2713 866 2768 iustitiam
880 2715 1013 2770 adversus
1027 2716 1112 2771 homi·

225 2817 296 2870 nem,
317 2809 346 2856 et
365 2817 451 2872 quare
468 2801 596 2856 videatur
609 2800 747 2868 habuisse,
771 2805 800 2855 et
813 2817 863 2854 eur
875 2799 953 2856 Deus
965 2801 1018 2858 hoo
1031 2803 1112 2858 modo

223 2885 360 2942 hominem
378 2886 545 2942 liberaverit.

172 2993 196 3044 8.
223 2988 379 3058 Quomodo,
404 2990 471 3044 lieet
492 2989 608 3044 humilia
633 3006 704 3060 quae
722 2989 840 3044 dioimus
858 2990 893 3044 de
911 2987 1032 3058 Christo,
1056 3007 1111 3044 non

224 3077 381 3147 pertineant
398 3077 436 3130 od
453 3076 633 3144 divinitatem,
657 3076 852 3130 inconveniens
870 3075 996 3128 videatur
1013 3073 1109 3130 infide·

224 3161 298 3218 libus
324 3179 357 3216 eu
374 3163 408 3217 de
429 3163 477 3217 illo
498 3162 553 3216 diei
571 3163 722 3216 seeundum
746 3161 895 3228 hominem,
918 3166 946 3213 et
964 3160 1039 3216 unde
1056 3161 1112 3215 illis

225 3249 351 3303 videatur
367 3248 441 3304 idem
459 3249 541 3303 homo
560 3267 616 3303 non
634 3256 732 3317 sponte
750 3253 874 3300 mortuus
894 3262 961 3300 esse.

172 3359 196 3408 9.
222 3352 303 3416 Quod
321 3358 418 3422 sponte
435 3358 559 3405 mortuus
576 3351 619 3417 sit,
639 3356 667 3402 et
687 3349 754 3418 quid
768 3350 804 3402 sit
814 3350 915 3415 factus
928 3357 967 3401 ert
981 3351 1111 3402 obediens

223 3455 308 3508 oeque
326 3439 367 3492 ad
386 3445 509 3505 mortem,
528 3443 553 3491 et
565 3443 683 3505 propter
695 3435 772 3504 quod
783 3436 862 3486 Deus
873 3434 954 3486 illum
966 3435 1106 3504 exaltavit,
