2636 3806
303 316 307 324 ·
398 318 593 378 suenrus
609 275 728 378 nouo.
764 319 786 376 1.
808 324 849 377 ro.
869 352 882 366 ι.
1035 315 1076 386 19

162 498 221 548 tem
238 495 297 545 tum
313 488 360 562 pie
378 494 406 545 et
424 495 482 544 tam
499 489 605 545 utiliter
622 489 785 559 sustineret,
811 489 937 561 quamvis
954 507 1074 561 poenam
1106 535 1108 539 .

164 577 225 634 eius
244 593 300 631 non
323 581 442 644 smeret,
467 574 627 630 affirmetur.
662 575 727 632 Non
750 577 843 630 eutem
866 575 990 648 potuisse
1008 576 1074 632 enli-
1094 571 1126 624 14

165 678 226 716 oem
251 661 368 716 transire
394 660 448 714 nisi
473 659 583 716 biberet
608 661 701 732 illum,
735 661 818 732 dixit,
845 680 901 718 non
927 662 994 733 quie
1018 670 1074 718 noir

163 746 264 816 posset
271 752 387 802 mortem
401 745 489 800 vitare
502 745 526 799 si
537 746 634 816 vellet3
653 748 854 820 sedquoniam,
875 747 946 802 sieut
967 747 1073 802 dietum

164 838 222 900 est,
247 831 380 886 mundum
401 838 460 888 erat
480 829 651 904 impossibile
669 833 750 888 aliter
768 832 882 898 salvari3
907 838 936 887 et
952 831 1012 903 ipse
1031 832 1072 886 in·

166 915 371 972 declinabiliter
388 916 499 973 volebat
516 919 609 988 potius
627 925 743 974 mortem
757 918 825 990 peti,
846 935 930 990 quum
946 924 978 973 ut
995 935 1073 974 mun·

165 1000 217 1054 dus
236 1017 294 1055 non
312 1001 474 1057 salvaretur.
509 1003 618 1058 Idcirco
639 1010 733 1059 autem
750 1004 821 1058 dixit
844 1004 931 1060 verbe
954 1003 1016 1073 ille,
1042 1007 1074 1059 ut
1093 993 1123 1045 ¹⁵

164 1085 278 1141 doceret
306 1087 457 1142 humanum
492 1106 581 1160 genus
618 1089 700 1146 aliter
728 1108 785 1145 non
815 1089 939 1160 potuisse
969 1089 1071 1144 salvari

145 1178 252 1242 'quum
271 1189 323 1242 per
340 1179 456 1228 mortem
477 1190 571 1244 suum3
595 1193 651 1229 non
673 1179 706 1228 ut
730 1175 888 1231 ostenderet
910 1193 939 1231 se
956 1181 1073 1230 mortem

165 1274 344 1328 nequaquem
368 1258 490 1314 valuisse
514 1260 610 1316 vitare.
656 1259 729 1316 Nam
757 1277 939 1332 quaeeunque
963 1261 998 1316 de
1024 1260 1074 1315 illo
1094 1249 1125 1306 ¹⁶

164 1341 297 1397 dicuntur
313 1343 356 1398 his
374 1360 447 1416 quoe
468 1344 626 1399 dictasunt
644 1343 752 1413 sinilia,
772 1344 812 1399 sio
826 1354 892 1401 sunt
903 1347 1073 1417 exponenda,

164 1428 298 1482 utnulla
321 1429 486 1484 necessitate
512 1430 562 1484 sed
587 1429 676 1484 libers
700 1428 843 1486 uoluntate
865 1425 990 1488 mortuus
1017 1447 1074 1486 ore

165 1511 256 1568 detur,
287 1515 357 1569 Erat
373 1532 493 1587 numque
511 1515 694 1585 omnipotens,
714 1522 743 1570 et
760 1515 794 1570 de
813 1515 861 1570 illo
878 1515 988 1586 legitur,
1007 1531 1075 1586 quo·
1094 1509 1124 1560 1⁷

164 1597 242 1654 niam
271 1601 381 1654 oblutus
409 1610 461 1672 est,
493 1603 562 1672 quia
590 1602 650 1671 sisne
677 1601 772 1656 voluit
781 1602 801 1669 ¹)
840 1600 878 1655 Et
904 1601 963 1672 ipse
991 1599 1075 1656 dioit:

166 1683 232 1752 Eyo
246 1701 324 1754 pono
345 1687 469 1740 enimam
490 1705 589 1752 meam,
609 1695 640 1740 ut
656 1687 756 1740 iterum
773 1704 881 1741 numam
898 1705 977 1752 eam,·
993 1703 1074 1742 nemo

166 1771 242 1823 tollit
261 1787 322 1824 eam
340 1789 359 1824 a
380 1791 430 1837 me,
448 1776 500 1828 sed
518 1791 567 1841 eoo
583 1785 660 1843 pono
680 1789 742 1826 eam
757 1791 776 1826 u
794 1788 836 1827 me
854 1773 924 1843 ipso.
948 1775 1075 1828 Poteetu-

164 1861 220 1907 dem
243 1856 331 1910 habeo
353 1860 484 1926 ponendi
505 1860 629 1913 animum
655 1875 745 1912 meam
771 1867 796 1914 et
822 1859 921 1912 iterum
947 1858 1078 1912 sumendi

166 1955 238 1992 eam.
246 1941 268 2008 ²)
304 1941 386 2006 Quod
408 1961 474 2016 ergo
497 1945 572 2000 idem
594 1944 655 2014 ipse
678 1961 730 1998 sue
753 1949 891 2014 potestate
913 1949 941 1997 et
960 1960 1011 1997 suu
1029 1961 1075 1998 vo·
1096 1941 1126 1992 18

165 2023 274 2080 luntste
297 2025 381 2096 facit,
404 2029 563 2085 nullatenus
590 2030 627 2084 ud
647 2028 700 2084 hoe
724 2028 788 2101 cogi
805 2034 881 2084 reete
899 2027 1072 2098 dioiupotest.

166 2110 237 2163 Bos.
269 2109 332 2165 Hoe
350 2112 453 2182 solum,
470 2113 536 2185 quie
556 2115 693 2185 permittit
710 2114 789 2170 Deus
806 2114 886 2167 illurn
903 2113 943 2167 sie
960 2111 1075 2166 traeteri
1095 2110 1126 2161 19

166 2196 293 2268 quamvis
317 2197 470 2267 volentem,
495 2215 551 2252 non
572 2198 682 2254 videtur
706 2199 757 2254 tuli
775 2198 856 2252 Petri
881 2193 916 2254 de
933 2197 984 2252 teli
1002 2197 1074 2252 Filio

166 2281 324 2336 convenire.
359 2285 428 2338 Aue.
462 2283 523 2337 imo
547 2282 665 2338 maxime
691 2284 771 2340 deeet
792 2283 876 2338 telem
895 2283 1008 2337 Putrem
1025 2281 1075 2336 tuli
1094 2283 1125 2332 20

161 2363 241 2420 uiuo
265 2367 432 2431 consentire,
457 2367 481 2422 si
506 2367 574 2438 quid
593 2369 655 2424 vult
682 2369 861 2424 laudabiliter
886 2369 922 2423 ud
945 2367 1077 2422 honorem

166 2449 223 2505 Dei
242 2457 270 2506 et
287 2450 393 2506 utiliter
411 2452 448 2507 ud
463 2452 583 2507 sulutem
602 2445 752 2523 hominum,
770 2470 842 2524 quae
858 2453 939 2509 aliter
950 2453 1010 2508 fieri
1021 2469 1077 2506 non
1112 2495 1115 2498 .

168 2537 268 2607 potuit
303 2539 371 2592 Bos.
401 2537 435 2592 In
453 2537 506 2594 hoe
525 2537 616 2593 adhue
633 2554 783 2608 versamur,
800 2538 919 2609 qnuhter
938 2554 1010 2593 mors
1028 2535 1077 2590 ille
1095 2543 1125 2594 21

168 2622 341 2678 rationabilis
366 2627 394 2678 et
416 2624 570 2678 necessaris
593 2622 741 2678 monstrari
762 2623 858 2693 possit
894 2623 985 2680 Aliter
1000 2637 1077 2676 num·

168 2723 223 2777 que
246 2725 298 2763 neo
323 2708 384 2778 ipse
409 2708 497 2763 Filius
523 2725 584 2764 enm
607 2708 694 2778 velle,
719 2725 772 2764 neo
797 2708 884 2764 Peter
908 2724 1007 2780 eogere
1027 2710 1076 2762 out

167 2792 328 2861 permittere
346 2791 474 2849 debuisse
491 2793 609 2848 videtur.
646 2793 794 2860 Quaeritur
819 2793 908 2863 enim,
933 2810 983 2848 eur
999 2793 1076 2848 Deus
1094 2793 1126 2844 22
1195 2835 1198 2844 .
1292 2807 1293 2818 ¹

168 2875 249 2930 aliter
266 2877 405 2933 homiuem
426 2878 533 2932 salvare
560 2895 616 2933 non
644 2879 748 2950 potuit,
776 2885 824 2932 eut
849 2878 875 2933 si
897 2878 1001 2949 potuit,
1027 2894 1076 2932 eur

212 3115 218 3122 ἡ
242 3152 253 3203 1
290 3146 335 3202 Ite
360 3147 445 3222 Vulg.
470 3149 589 3219 Interpr.
612 3147 706 3203 verbu
719 3146 937 3218 apud-Ieseium
959 3134 1077 3215 pr'ophe

166 3221 227 3340 ἔτη
249 3233 273 3270 o.
298 3223 329 3271 53
354 3235 379 3271 v.
399 3224 413 3273 l
440 3217 537 3274 obvia:
568 3236 644 3313 ²733?
667 3237 743 3308 ΜΠ]
767 3223 825 3296 ³2³3.
846 3231 993 3300 perpetum
1015 3213 1078 3269 red·

228 3290 268 3442 ti)
284 3369 378 3426 Ioanu
398 3375 439 3441 ru
460 3376 498 3428 rr.
518 3375 558 3427 re.

884 3452 922 3506 2*

585 3553 604 3593 1
