2636 3806
209 292 255 360 58
404 290 432 348 S.
451 285 624 350 aarum
642 285 951 346 CANTUAROENSIS

210 459 340 532 quoniam
352 459 433 516 aliter
444 459 504 516 fieri
515 458 620 532 nequit,
638 465 671 514 ut
681 460 756 514 idern
768 458 828 529 ipse
839 457 877 512 sit
886 454 1028 528 perfectus
1038 453 1116 527 Deus

209 551 237 603 et
253 545 394 617 perlectus
411 546 500 602 homo.
535 547 603 600 Bos.
620 544 723 601 Totum
740 544 807 600 mihi
826 545 926 614 placet,
946 540 1021 613 quod
1040 539 1117 596 dieis.

177 713 188 763 ¹
286 684 329 771 80
380 720 449 772 Aac.
484 717 583 773 Restat
599 733 673 772 nunc
691 733 831 788 quaerere,
849 715 924 770 unde
939 715 1117 787 etquomodo

208 810 330 860 assumet
354 803 433 859 Deus
459 803 608 857 humanam
633 807 770 856 nanuum.
808 800 869 856 Aut
894 801 967 856 enim
996 803 1118 856 assumet

209 907 271 946 eam
291 889 326 945 de
342 888 436 943 Adam
462 894 511 944 eut
534 888 620 944 faciet
641 905 744 942 novum
761 885 916 957 hominem,
941 887 1118 958 quemadmo-
1206 921 1209 926 ·

174 981 191 1032 2
209 975 276 1030 dum
298 973 366 1029 fecit
382 974 476 1029 Adam
499 974 534 1030 de
557 973 634 1028 nullo
659 973 714 1029 alio
737 973 855 1028 homine.
893 972 948 1030 Sed
973 973 997 1026 ri
1015 990 1118 1028 novum

208 1059 347 1115 hominem
367 1059 437 1114 facit
453 1074 510 1114 non
534 1075 568 1113 ex
589 1057 670 1114 Adae
694 1075 811 1131 genere,
834 1076 891 1114 non
912 1057 1064 1130 pertinebit
1080 1057 1117 1112 ad

210 1163 299 1220 genus
316 1145 467 1199 humanum
491 1144 566 1216 quod
590 1149 688 1199 natum
706 1149 749 1199 est
770 1144 805 1200 de
822 1143 934 1214 Adam;
958 1161 1045 1216 quare
1061 1161 1118 1200 non

175 1231 191 1282 3
211 1229 324 1287 debebit
346 1217 507 1286 satisfacere
528 1247 578 1301 pro
600 1247 647 1300 eo,
668 1229 734 1302 quia
758 1247 815 1284 non
840 1229 893 1286 erit
911 1231 946 1286 de
964 1248 1004 1286 eo.
1040 1231 1118 1302 Sicut

210 1316 284 1372 enim
302 1322 410 1372 rectum
430 1321 479 1385 est,
498 1321 531 1371 ut
546 1333 598 1388 pro
616 1315 701 1386 culpa
718 1313 837 1370 hominis
855 1315 936 1372 homo
956 1315 1117 1386 satisfaciat,

210 1401 251 1458 ita
273 1419 386 1458 necesse
414 1406 468 1472 est,
497 1408 529 1458 ut
553 1402 725 1458 satisfaciens
750 1401 825 1458 idem
846 1401 884 1456 sit
906 1401 956 1472 qui
978 1407 1117 1472 peccator,

210 1493 261 1543 aut
276 1488 399 1544 eiusdem
422 1488 548 1560 generis3
576 1489 657 1544 aliter
679 1504 800 1558 namque
818 1505 871 1542 nec
888 1487 981 1542 Adam
998 1504 1051 1542 nee
1069 1503 1116 1560 ge·

177 1578 263 1628 tnus
287 1574 346 1630 eius
368 1573 548 1644 satisfaciet1)
572 1590 624 1644 pro
647 1591 684 1629 se.
720 1573 796 1645 Ergo
819 1573 892 1628 sicut
916 1573 951 1629 de
974 1573 1067 1629 Adam
1090 1579 1119 1629 et

210 1659 271 1715 Eva
294 1665 441 1731 peccatum
465 1661 495 1714 in
518 1677 613 1716 omnes
637 1657 762 1714 homines
785 1663 972 1730 propagatum
998 1665 1053 1730 est,
1079 1659 1120 1714 ita

210 1745 313 1814 nullus,
330 1744 385 1798 nisi
401 1745 446 1799 vel
463 1743 517 1815 ipsi
534 1743 579 1798 vel
600 1743 649 1815 qui
666 1743 701 1798 de
716 1742 771 1797 illis
786 1744 918 1806 nescitum,
935 1761 986 1816 pro
1003 1748 1119 1816 peccato

210 1830 355 1886 hominum
372 1827 533 1884 satisfacere
550 1827 641 1894 debet
673 1828 809 1893 Quoniam
827 1847 893 1902 ergo
910 1829 952 1884 illi
968 1836 1118 1901 nequeunt,

155 1948 156 1951 =
179 1921 325 1971 snecesse
349 1921 391 1970 est
419 1921 451 1970 ut
474 1915 510 1970 de
539 1913 595 1970 illis
621 1915 671 1986 sit,
706 1915 754 1986 qui
776 1917 831 1971 hoc
848 1916 941 1971 faciet.
976 1916 1117 1989 Amplius:

212 2001 283 2059 sicut
304 2002 397 2058 Adam
422 2007 452 2057 et
473 2005 563 2056 totum
587 2019 677 2074 genus
701 2002 759 2057 eius
782 2019 833 2074 per
862 2019 892 2080 se
914 2001 1036 2057 stetisset
1060 2001 1120 2056 sine

212 2088 414 2144 sustentatione
447 2086 560 2142 alterius
590 2092 733 2142 creaturae
761 2087 785 2140 si
809 2103 866 2141 non
890 2092 1049 2158 pensasset,
1080 2087 1120 2142 ita

212 2179 335 2246 eportet,
358 2181 391 2228 ut
415 2172 439 2228 si
461 2172 536 2228 idem
555 2189 645 2244 genus
662 2171 784 2244 resurgit
805 2176 869 2243 post
887 2189 996 2244 casum,
1022 2190 1073 2244 per
1090 2188 1120 2228 se

178 2258 194 2310 6
212 2251 340 2330 resurgat
364 2265 392 2315 et
411 2259 556 2314 relevetur.
591 2259 664 2315 Nam
687 2275 738 2329 per
761 2275 953 2330 quemcunque
971 2258 1000 2313 in
1016 2265 1121 2315 statum

211 2340 389 2412 restituatur,
413 2359 464 2414 per
489 2343 569 2398 illum
591 2343 690 2416 ulique
712 2344 811 2414 stabit,
839 2359 890 2415 per
914 2361 997 2416 quem
1016 2350 1120 2400 statum

179 2432 195 2483 7
212 2445 294 2482 suurn
317 2429 502 2500 recuperabit.
536 2429 614 2485 Deus
640 2428 725 2484 etiam
743 2429 855 2501 quando
874 2429 1024 2486 humanam
1041 2436 1121 2486 natu·

212 2529 272 2568 ram
297 2513 425 2584 primitus
452 2513 572 2569 fecitis
596 2515 654 2570 solo
678 2514 771 2569 Adam
793 2532 846 2570 nec
871 2513 1017 2585 feminam,
1036 2521 1069 2571 ut
1086 2516 1121 2571 de

212 2603 331 2670 utroque
360 2616 429 2654 sexu
459 2597 710 2669 multiplicarentur
738 2599 878 2670 hemines,
911 2595 1003 2656 facere
1032 2600 1122 2655 voluit

212 2683 267 2737 nisi
296 2685 330 2740 de
356 2685 431 2757 ipso,
461 2690 557 2754 aperte
580 2684 754 2754 monstravit,
778 2701 809 2740 ee
831 2703 888 2740 non
904 2685 959 2740 nisi
977 2684 1012 2740 de
1028 2685 1122 2740 Adam

212 2769 335 2826 voluisse
358 2769 465 2840 facere,
490 2769 565 2841 quod
590 2769 625 2824 de
652 2769 774 2824 humana
790 2775 892 2826 natura
909 2769 1042 2838 facturus,
1055 2777 1123 2828 erat.

180 2849 196 2900 8
214 2853 390 2927 Quapropter
413 2856 440 2909 si
460 2872 549 2928 genus
578 2854 660 2910 Adae
690 2873 741 2927 per
766 2855 888 2928 aliquem
910 2855 1051 2912 relevatur
1074 2856 1122 2912 ho-

213 2939 328 3011 minem,
346 2939 394 3012 qui
411 2957 468 2996 non
485 2941 522 2996 sit
540 2941 574 2996 de
593 2941 689 2998 eodem
707 2958 825 3015 genere,
847 2958 904 2999 non
921 2941 950 2996 in
966 2941 1045 2998 illam
1062 2941 1123 3014 dig·

213 3026 343 3098 nitatem,
368 3044 453 3099 quam
475 3027 635 3083 habiturum
660 3033 719 3084 erat
743 3027 768 3082 si
789 3045 845 3083 nou
861 3034 1005 3100 peccasset
1021 3028 1122 3100 Adam,

214 3117 243 3168 et
269 3111 332 3166 ideo
356 3130 414 3168 non
439 3113 548 3184 integre
576 3112 790 3182 restaurabitur,
818 3117 846 3167 et
870 3110 925 3167 Dei
949 3112 1123 3183 propositum

214 3196 333 3254 deficere
351 3198 505 3266 videbitur,
529 3213 601 3268 quae
628 3197 680 3252 rluo
701 3196 925 3252 inconvenientia
947 3202 1027 3268 sunt3
1057 3214 1123 3270 ergo

285 3353 310 3417 1)
329 3352 507 3420 satusaeeret
522 3351 551 3406 A
561 3349 609 3406 ab
623 3367 647 3406 e.
