2636 3806
234 265 277 330 22
416 261 444 318 e.
462 257 634 317 suenum
651 257 959 318 CANTUABIENSIS

235 431 371 488 rationem
395 430 474 505 sequi
498 430 706 502 proposuimus,
729 428 857 502 quamvis
875 427 1080 499 aliquantulum
1093 443 1162 502 *me*

235 523 348 589 terreus,
366 517 436 576 nihil
449 517 539 574 habeo
550 516 633 588 'quod
650 514 754 588 possim
770 515 864 572 dicere
881 520 986 570 contra.

206 766 218 816 l
317 739 386 828 12·
434 771 506 829 Aoo.
526 771 684 827 Redeamus
704 775 732 826 et
746 770 901 840 videamus,
918 775 1011 826 utrum
1024 770 1146 825 solami-

238 857 387 914 sericordia
414 857 473 912 sine
496 857 571 912 omni
594 856 730 912 solutione
754 856 842 912 ablati
870 855 924 911 sibi
947 856 1076 928 honoris,
1097 858 1145 912 de·

237 950 300 1000 cent
316 943 409 998 Deum
426 949 543 1014 peccata
559 942 706 998 dimittere.
742 944 810 996 Bos.
839 941 905 999 Non
922 943 1003 999 video
1021 960 1072 998 cur
1088 959 1146 998 nou

205 1029 343 1084 2deoeat
378 1028 449 1082 Ans.
483 1027 529 1084 Sic
556 1027 694 1082 dimittere
723 1029 884 1098 peccatum,
913 1045 971 1084 non
999 1035 1040 1084 est
1067 1028 1146 1082 aliud

239 1130 323 1184 quam
346 1131 402 1169 non
425 1113 538 1184 punire3
564 1119 592 1168 et
611 1111 741 1183 quoniam
758 1119 834 1168 recte
852 1113 979 1170 ordinare
997 1119 1146 1185 peccatum

142 1257 145 1262 ,
238 1197 299 1254 sine
322 1198 510 1254 satisfactione
532 1215 589 1256 uon
614 1202 657 1251 est
682 1196 737 1252 nisi
759 1200 873 1269 punire,
903 1197 926 1253 si
948 1215 1005 1256 non
1021 1198 1146 1268 punitur,

236 1285 425 1340 inordinatum
444 1283 600 1341 dimittitur.
635 1284 704 1338 Boe.
740 1283 918 1340 Rationabile
945 1284 1082 1355 estquod
1104 1283 1145 1338 di·

205 1370 286 1425 scis.
321 1372 391 1426 Aur.
425 1369 518 1426 Deum
540 1386 605 1424 vero
629 1386 686 1424 non
709 1369 788 1424 decet
813 1368 920 1440 aliquid
942 1369 972 1423 in
990 1387 1040 1424 suo
1056 1387 1146 1440 regno

238 1457 426 1512 inordinatum
450 1455 596 1512 dimittere.
632 1456 700 1510 Bos.
720 1454 749 1512 Si
766 1453 845 1509 eliud
860 1454 924 1508 volo
941 1454 1041 1524 dicere,
1061 1454 1145 1508 timeo

204 1547 362 1613 tpecoare.
406 1541 476 1594 Aac.
511 1540 602 1612 igitur
627 1556 685 1594 non
711 1540 792 1594 decet
816 1537 909 1602 Deum
931 1547 1079 1610 peccatum
1104 1539 1147 1594 sic

204 1626 404 1698 timpunitum
423 1626 569 1682 dimittere.
605 1626 674 1678 Boe.
708 1624 754 1679 Ita
775 1623 907 1694 sequitur.
942 1625 1012 1680 Am.
1047 1625 1099 1678 Est
1117 1627 1147 1680 et

237 1712 316 1768 aliud
332 1711 407 1782 quod
431 1709 572 1782 sequitur,
592 1709 616 1762 si
639 1716 785 1779 peccatum
803 1711 844 1764 sic
863 1710 1011 1766 dimittitur
1027 1709 1147 1780 impuni-

237 1802 311 1866 tum,
340 1796 407 1868 quia
434 1795 561 1850 similiter
587 1794 642 1851 crit
667 1795 743 1866 apud
766 1795 859 1851 Deum
880 1795 1010 1866 peccanti
1036 1801 1065 1851 et
1089 1812 1152 1862 non

185 1907 188 1916 ·
237 1881 382 1955 peccanti3
409 1879 484 1953 quod
506 1879 568 1934 Deo
591 1896 647 1934 non
668 1879 804 1934 convenit.
840 1881 910 1934 Boe.
944 1880 1008 1937 Non
1032 1897 1147 1953 possum

205 1972 350 2040 dnegure.
384 1967 455 2021 Ana.
486 1962 560 2020 Vide
585 1968 613 2017 et
636 1962 698 2018 hoc.
734 1964 874 2020 Iustitiam
900 1965 1041 2022 hominum
1065 1983 1148 2022 nemo

238 2053 329 2110 nescit
345 2070 405 2110 esse
422 2051 475 2107 sub
494 2050 566 2120 lege,
583 2053 616 2103 ut
633 2047 863 2104 secundum-eius
875 2051 1059 2122 quantitatem
1070 2067 1147 2105 men·

240 2157 307 2196 seua
323 2137 512 2199 retributionis
539 2153 557 2190 a
573 2135 634 2190 Deo
653 2141 888 2207 recompensetur.
922 2138 990 2190 Bor.
1027 2136 1073 2192 Ita
1089 2153 1148 2190 ore·

207 2223 338 2282 ldimus,
373 2223 443 2276 Am.
479 2221 509 2277 Si
531 2227 624 2277 autem
646 2227 793 2292 peccatum
818 2221 1008 2278 necsolvitur
1023 2237 1077 2276 nec
1095 2239 1148 2292 pu·

240 2307 328 2376 nitur,
352 2308 423 2361 nulli
445 2307 503 2380 legi
522 2307 656 2364 subiacet.
691 2308 760 2364 Bos.
794 2307 859 2363 Non
877 2323 990 2379 possum
1009 2307 1088 2362 aliter
1106 2307 1148 2361 ins

207 2389 374 2463 8telligere.
417 2393 487 2447 Ans.
522 2392 649 2458 Liberior
673 2393 760 2463 igitur
788 2399 831 2448 ost
857 2391 1005 2460 iniustitia,
1037 2393 1061 2446 si
1086 2391 1149 2448 sola

240 2475 428 2534 misericordia
451 2476 614 2546 dimittitur,
639 2493 722 2547 qnam
747 2475 870 2546 iustitia,
896 2478 971 2548 quod
998 2477 1082 2533 valde
1105 2477 1149 2532 in·

207 2563 408 2619 tconveuiens
430 2560 549 2616 videtur.
584 2560 631 2613 Ad
653 2559 707 2616 hoc
731 2561 814 2616 etiam
841 2561 999 2616 extenditur
1016 2561 1086 2617 haec
1106 2562 1148 2616 in-

240 2646 445 2717 convenientia,
472 2652 504 2701 ut
531 2644 695 2700 iniustitiam
720 2646 783 2701 Deo
809 2644 927 2702 similem
952 2646 1053 2716 iacint3
1080 2646 1149 2718 quia

192 2735 225 2786 10
240 2734 313 2791 sicut
322 2734 401 2790 Deus
411 2731 514 2788 nulline
526 2731 584 2802 legi
595 2729 728 2800 subiacet,
748 2730 788 2784 ite
799 2737 827 2786 et
839 2730 982 2788 iniustitia.
1008 2734 1076 2787 Boe.
1091 2731 1147 2788 Ne·

241 2833 312 2889 queo
330 2817 458 2872 resistere
474 2816 576 2873 rationi
593 2822 667 2873 tuae.
702 2815 759 2872 Sed
781 2833 845 2872 cum
862 2816 940 2872 Deus
953 2816 1043 2872 ‘nobis
1068 2833 1147 2888 prae·

241 2901 328 2974 cipiet
345 2901 456 2956 omnino
480 2902 619 2958 dimittere
636 2901 819 2974 peccantibus
838 2902 868 2956 in
887 2918 952 2972 nos,
975 2902 1086 2958 videtur
1102 2919 1147 2958 re-

239 3003 381 3061 pugnare,
408 2992 440 3041 ut
463 2985 517 3042 hoc
542 2985 697 3059 praecipiat
721 2985 802 3040 nobis
829 2987 905 3057 quod
934 2986 1026 3058 ipsum
1054 2985 1148 3040 facem

192 3072 221 3127 ll
239 3089 296 3128 non
320 3073 407 3128 decet
446 3072 516 3126 Ans.
551 3072 638 3130 Nulla
660 3073 690 3128 in
711 3071 765 3126 hoc
791 3077 834 3126 est
855 3070 1053 3144 repugnantia,
1080 3069 1147 3140 quis

241 3157 318 3214 Deus
344 3158 398 3214 hoc
423 3155 561 3230 praecipit
584 3156 679 3222 nobis,
705 3162 738 3210 ut
761 3173 818 3210 nou
839 3172 1047 3227 praesumamus
1071 3153 1148 3225 quod

191 3247 223 3298 12
241 3242 327 3297 solius
345 3242 399 3298 Dei
419 3249 469 3298 est.
506 3242 554 3296 Ad
577 3241 685 3296 nullum
707 3239 780 3296 enim
797 3240 919 3310 pertinet
936 3241 1088 3295 vindictam
1104 3238 1147 3293 fa·

241 3343 318 3396 cere,
337 3324 392 3380 nisi
410 3327 543 3382 edilium
561 3326 610 3400 qni
629 3326 767 3380 Dominus
785 3331 828 3381 est
844 3325 983 3394 omnium,
1000 3341 1066 3379 nam
1083 3340 1148 3379 cum
