2636 3806
394 312 472 371 OUR
488 311 589 371 DEUS
607 313 725 372 ΗΟΜΟ.
760 313 783 370 Ι.
803 321 842 371 20.
861 320 904 372 ⁴21.
1059 320 1102 386 43

123 531 129 538 .
197 486 302 554 mus,¹)
329 485 453 558 quando
468 486 527 541 sola
555 485 677 554 ratione,
704 489 799 540 utrum
825 485 962 540 adventas
986 487 1046 543 eius
1066 489 1103 542 ad

198 573 378 628 salvationem
406 571 548 626 hominum
577 577 649 627 esset
673 571 859 642 necessarius,
887 588 1019 643 quaerere
1041 591 1103 645 pro-

197 658 348 729 posuimus.
383 661 450 712 Bos.
485 658 531 712 Ita
549 657 675 717 fecimus.
710 659 780 714 Ans.
812 657 878 714 Sola
894 657 980 728 igitur
996 660 1103 715 ratione
1123 665 1154 718 18

196 744 386 814 procedamus.
421 745 489 798 Boe.
525 743 657 808 Quamvis
680 744 710 798 in
734 745 877 816 angustias
901 745 1037 814 quasdam
1059 761 1103 800 me

197 829 300 898 ducas,
317 827 444 885 desidero
460 835 554 884 tamen
571 829 703 898 multum,
721 833 768 898 ut,
789 828 862 882 sicut
880 828 1023 899 incepisti,
1040 846 1103 901 pro-

197 914 340 986 grediaris.

274 1054 341 1139 21·
393 1087 462 1141 Aee.
498 1086 638 1141 Ponamus
661 1086 754 1140 omnia
773 1086 835 1155 illa,
863 1104 934 1158 quae
953 1088 1037 1144 modo
1053 1104 1133 1159 pro-1

197 1173 277 1228 suisti
299 1178 327 1228 te
350 1189 401 1243 pro
426 1177 542 1243 peccato
567 1187 647 1242 posse
673 1166 795 1242 'solvere
818 1178 846 1228 te
868 1190 924 1227 non
951 1173 1052 1230 debere
1074 1177 1124 1228 et?

195 1259 349 1330 videamus,
368 1265 461 1313 utrum
477 1257 585 1328 possint
602 1255 731 1312 sufficere
744 1258 781 1311 ad
793 1258 1009 1314 satisfactionem
1019 1260 1102 1316 unius

196 1353 255 1402 tam
277 1346 357 1417 parvi
382 1343 504 1416 peceati,
531 1342 613 1398 sicuti
637 1348 680 1400 est
701 1361 774 1398 unus
793 1348 922 1414 aspectis
941 1349 1040 1401 contra
1055 1363 1103 1401 vo·
1137 1383 1140 1387 -

196 1433 332 1487 luntatem
348 1431 410 1486 Dei.
445 1433 514 1485 Bos.
549 1429 611 1486 Nisi
634 1429 701 1501 quia
725 1428 812 1484 audio
832 1435 860 1483 ts
882 1430 934 1483 hoo
956 1445 1059 1500 ponere
1072 1433 1136 1488 int

184 1519 399 1592 quaestionem,
423 1522 551 1588 putarem
577 1531 621 1570 me
641 1515 695 1570 hoc
714 1520 861 1585 peccatum
878 1531 936 1570 una
954 1515 1013 1570 sola
1031 1532 1104 1570 oom-

196 1603 348 1677 punctione
377 1603 477 1658 delere.
520 1602 590 1656 Aes.
624 1601 755 1656 Nondum
780 1599 974 1664 considerasti,
1006 1602 1104 1672 quanti
1132 1640 1140 1644 -

189 1692 326 1763 ponderis
346 1689 383 1744 sit
404 1693 557 1759 peccatum.
593 1690 661 1741 Bos.
690 1685 772 1742 Nunc
789 1684 905 1740 ostende
922 1685 998 1740 mihi.
1032 1688 1136 1742 ΑΜ

198 1775 227 1832 Si
253 1775 362 1830 videms
385 1778 413 1828 te
436 1774 465 1827 in
490 1771 712 1843 conspeetu-Dei
735 1777 763 1826 et
791 1770 892 1843 aliquis
915 1771 967 1826 tibi
985 1772 1104 1828 dicerett

198 1861 291 1930 aspice
307 1852 383 1928 illue,
410 1863 439 1912 et
454 1858 532 1912 Deus
550 1865 677 1913 econtra:
703 1858 861 1912 nullatenus
879 1857 957 1928 volo,
979 1862 1012 1912 ut
1031 1855 1104 1930 aspi·

186 1944 270 2014 ··eias;
299 1959 402 2014 quaere
419 1943 527 2015 tuipse
547 1944 577 1999 in
594 1943 679 2000 corde
695 1948 758 2012 tuo,
783 1944 851 2014 quid
872 1943 909 1996 sit
927 1943 957 1998 in
976 1944 1104 1999 omnibus

198 2045 271 2101 quae
289 2035 362 2098 sunt,
380 2043 430 2098 pro
448 2046 503 2100 quo
521 2030 637 2086 deberes
655 2035 753 2084 contra
765 2028 937 2083 voluntatem
953 2027 1008 2082 Dei
1024 2029 1103 2084 illum

198 2121 342 2184 aspectum
359 2113 472 2170 faeere?
507 2119 576 2170 Bos.
603 2114 681 2171 Nihil
699 2113 810 2168 invenio
827 2118 940 2184 propter
959 2115 1034 2185 quod
1051 2114 1104 2170 hoo
1121 2116 1138 2167 4

199 2196 329 2268 debeam,
361 2197 415 2252 nisi
439 2198 511 2254 forte
538 2201 590 2254 sim
617 2200 646 2254 in
673 2217 706 2255 ea
732 2199 898 2254 necessitate
923 2199 1043 2270 positus,
1071 2206 1104 2256 ut
1135 2237 1141 2243 ·

197 2285 243 2340 sit·
265 2301 380 2340 necesse
412 2299 457 2337 me
486 2292 534 2340 aut
559 2286 613 2340 hoc
642 2292 691 2340 aut
715 2285 805 2338 maius
832 2290 978 2355 peecatum
1002 2286 1103 2343 facere.

184 2373 268 2427 -Aua
288 2370 409 2424 Remove
426 2369 499 2425 hanc
517 2371 717 2439 necessitatem,
737 2375 766 2426 et
784 2369 819 2424 de
839 2370 898 2425 solo
914 2371 968 2426 hoo
987 2371 1137 2442 peccato5

198 2457 356 2526 considera,
381 2454 405 2508 si
430 2454 521 2525 possis
543 2455 614 2510 illud
635 2455 728 2512 facere
749 2472 799 2526 pro
822 2455 911 2528 teipso
933 2457 1103 2512 redimendo.
1136 2490 1141 2496 .

185 2545 267 2597 =Boa
301 2541 408 2613 Aperte
439 2540 535 2611 video,
566 2543 632 2614 quia
661 2557 718 2596 non
746 2559 867 2612 possum.
903 2544 972 2596 Am.
1008 2542 1051 2600 Ne
1075 2545 1137 2597 tet

199 2628 304 2683 diutins
331 2627 504 2698 protraham:
529 2629 617 2699 quid,
647 2628 671 2683 si
704 2643 816 2684 necesse
842 2635 915 2684 esset
941 2633 990 2681 aut
1014 2632 1104 2682 totum

184 2715 333 2768 ‘mundum
353 2719 381 2768 et
404 2714 544 2785 quidquid
561 2713 639 2769 Deus
656 2733 713 2769 non
730 2720 772 2769 est
788 2715 879 2783 perire
897 2718 924 2768 et
940 2713 969 2766 in
986 2712 1104 2768 nihilum
1136 2747 1141 2752 ·

179 2840 181 2844 .
198 2799 303 2870 redigi,
331 2803 380 2852 aut
405 2799 439 2853 de
459 2797 553 2854 faeere
575 2805 634 2854 tam
651 2802 960 2869 parvam-rem-contra
978 2799 1104 2856 volunta·

198 2889 256 2937 tem
274 2880 350 2939 Dei?
385 2885 453 2937 Bos.
490 2882 560 2937 Cum
578 2884 721 2939 considero
743 2884 879 2940 actionem
896 2884 999 2955 ipsam,
1025 2883 1138 2939 levis-'1

201 2967 300 3021 simum
320 2969 454 3040 quiddam
470 2967 552 3022 video
571 2984 647 3030 esse3
676 2969 726 3024 sed
747 2986 811 3024 cum
834 2971 958 3039 intueor,
983 2967 1050 3040 quid
1068 2967 1105 3022 sit

272 3174 297 3240 1)
320 3171 393 3228 Vide
415 3191 487 3256 quae
515 3173 546 3228 in
568 3172 745 3242 Praefatione
772 3191 823 3228 sua
846 3173 874 3228 S.
896 3170 1046 3228 Anselmus
1070 3173 1106 3228 de

201 3241 353 3298 disserendi
380 3248 487 3298 ratione
514 3242 567 3296 sibi
594 3241 716 3297 ineunda
735 3241 848 3297 monuit.
879 3247 1000 3310 „remoto
1027 3241 1105 3298 Chri·

200 3311 270 3366 sto.“
293 3339 329 3350 —
349 3309 405 3365 cfr.
425 3326 449 3366 c.
469 3317 510 3380 10,
528 3316 576 3366 28:
595 3311 751 3382 „Ponamus
770 3310 825 3364 Dei
844 3309 1105 3366 incarnationem-

199 3396 350 3451 numquam
369 3380 489 3436 fuismss»
1087 3409 1090 3414 ·
