2636 3806
220 321 262 386 56
402 321 429 378 S.
449 320 621 379 ANSELMI
640 319 947 378 CANTUARIENSIS

169 491 202 543 10
220 491 320 547 facere.
330 495 350 558 ¹)
384 491 422 546 Et
448 509 512 546 oum
544 491 661 547 dicimus
686 491 778 546 Deum
803 489 911 561 aliquid
933 490 1027 546 facore
1049 491 1131 562 quasi

220 576 387 632 necessitate
405 577 513 632 vitandi
532 577 734 634 inhonestatem
752 593 836 648 quam
852 576 950 647 utique
967 593 1024 630 non
1041 575 1131 638 timet,

219 663 313 733 potius
330 662 544 734 intelligendum
563 669 619 728 est,
643 664 710 736 quia
734 662 786 718 hoc
804 662 872 716 facit
890 662 1057 718 necessitate
1074 679 1129 717 ser-

219 747 328 804 vandae
345 749 509 819 honestatis,
534 766 606 821 quae
629 749 735 804 scilicet
751 747 902 803 necessitas
919 765 976 803 non
993 753 1035 802 est
1052 747 1129 802 aliud

219 850 304 905 quam
327 834 537 889 immutabilitas
562 835 714 890 honestatis
738 833 809 902 eius,
834 851 919 904 quam
937 850 955 887 a
973 852 1003 889 se
1021 834 1082 906 ipso
1101 837 1131 888 et

219 937 275 974 non
293 920 329 976 ab
347 919 403 974 alio
422 919 522 990 hobet3
549 926 577 976 et
602 921 706 975 idcinco
723 918 872 988 improprio
890 918 993 974 dicitur
1009 919 1129 974 necessi·

171 999 200 1050 11
220 1011 271 1059 tas.
305 1003 439 1058 Dicamus
462 1009 569 1074 tamen,
594 1004 663 1076 quio
681 1020 793 1060 necesse
811 1009 866 1073 est,
891 1012 923 1060 ut
946 1004 1057 1060 bonitus
1074 1005 1130 1060 Dei

219 1095 334 1159 propter
357 1089 610 1146 immutabilitatem
635 1105 715 1144 snam
730 1089 856 1160 perficiat
874 1091 909 1146 de
927 1090 1037 1146 homine
1055 1091 1130 1162 quod

220 1170 339 1245 indepit,
370 1175 495 1245 quamvis
523 1181 613 1230 totum
640 1175 676 1230 sit
700 1175 792 1247 grstia
819 1176 923 1231 bonum
949 1177 1024 1247 quod
1051 1175 1129 1230 facit

221 1260 290 1313 Bos.
308 1257 447 1315 Concedo.
695 1261 697 1266 '
784 1295 785 1298 =

187 1415 216 1477 1³
299 1394 340 1485 (5.
391 1433 462 1486 Ans.
479 1431 542 1487 Hoc
560 1440 653 1488 autem
661 1433 722 1488 ficri
732 1433 837 1506 nequit,
854 1433 909 1487 nisi
921 1433 957 1488 sit
971 1433 1019 1504 qui
1039 1433 1130 1488 solvat

220 1515 282 1572 Deo
309 1534 361 1587 pro
387 1523 501 1588 peccato
524 1518 642 1572 hominis
670 1518 777 1590 aliquid
804 1518 908 1585 maius,
939 1533 1024 1587 quam
1049 1532 1131 1571 omne

186 1599 296 1672 2quod
313 1609 424 1672 praeter
442 1603 535 1658 Deum
550 1611 600 1660 est
635 1607 705 1658 Bos.
734 1603 779 1657 Ita
795 1608 912 1657 constat.
947 1603 1018 1656 Am.
1046 1602 1131 1656 illum

222 1704 348 1758 quoquc,
381 1687 430 1757 qui
458 1689 494 1742 de
519 1707 569 1743 suo
595 1688 699 1761 poterit
722 1688 784 1744 Deo
812 1688 880 1743 dare
906 1687 1028 1758 aliquid,
1056 1687 1131 1759 quod

221 1777 333 1843 superet
350 1789 431 1828 omne
451 1774 526 1844 quod
550 1774 602 1829 sub
618 1776 680 1832 Deo
699 1780 755 1844 est,
783 1772 914 1828 maiorem
939 1790 1000 1829 esse
1017 1789 1132 1828 necesse

221 1864 274 1926 ost,
297 1875 381 1928 quam
399 1874 480 1914 omne
499 1859 574 1929 quod
590 1877 646 1940 non
670 1865 713 1916 est
730 1860 816 1915 Deus.
852 1863 921 1914 Bos.
951 1857 1067 1929 Nequeo
1084 1871 1133 1910 ne-

186 1941 297 2013 3gare
332 1944 403 1997 Aoo.
440 1943 517 2000 Nihil
535 1951 638 2001 *sutem
665 1952 720 2001 est·
733 1961 818 2016 supra
845 1961 925 1999 omne
956 1943 1031 2014 quod
1053 1943 1132 1998 Deus

186 2028 277 2083 dnon
295 2033 349 2098 cst,
374 2029 429 2083 nisi
443 2029 529 2084 Deus.
564 2033 634 2084 Bos.
668 2032 775 2089 Verum
793 2038 843 2086 cst.
877 2031 947 2084 Am.
982 2029 1047 2085 Non
1065 2045 1132 2099 ergo

221 2119 314 2184 potest
332 2115 404 2170 hanc
429 2115 648 2172 satisfactionem
672 2115 764 2174 facere
781 2117 836 2171 nisi
857 2117 943 2171 Deus.
978 2116 1048 2170 Bos.
1079 2113 1133 2169 >sic

223 2197 356 2270 sequitur.
391 2203 459 2256 Am.
495 2201 551 2258 Sed
575 2220 628 2258 neo
647 2203 740 2258 facere
762 2203 841 2256 illem
864 2202 947 2258 debet
969 2200 1023 2254 nisi
1041 2200 1132 2269 homo,

223 2283 348 2355 alioquin
365 2303 421 2341 non
440 2287 576 2343 satisfacit
594 2287 684 2346 homo.
720 2293 787 2344 Bos.
813 2289 877 2345 Non
897 2287 1008 2341 videtur
1025 2284 1133 2356 aliquid

189 2371 205 2421 5
221 2370 329 2424 iustius.
363 2376 431 2425 Ans.
463 2373 493 2428 si
509 2391 590 2445 ergo,
614 2375 687 2430 siout
703 2381 828 2444 constat,
852 2389 966 2428 necesse
983 2378 1027 2426 ost
1044 2375 1077 2425 ut
1097 2369 1133 2442 de

221 2455 379 2512 hominibus
403 2457 563 2526 perficiatur
588 2457 638 2513 illa
655 2477 777 2530 superna
793 2459 905 2528 civitas,
930 2475 983 2512 nec
999 2457 1051 2512 hoc
1071 2471 1132 2512 osse

223 2542 298 2597 volet
326 2541 381 2596 nisi
406 2540 456 2596 fist
480 2544 626 2613 praedicta
651 2545 818 2612 satisfactio,
850 2561 934 2616 quam
962 2560 1015 2598 nec
1039 2545 1133 2613 potest

221 2627 315 2684 facere
337 2627 393 2682 nisi
410 2627 488 2682 Deus
511 2645 563 2683 noc
590 2627 673 2685 debet
694 2630 749 2684 nisi
768 2631 865 2699 homo3
886 2645 1000 2685 necesse
1019 2634 1077 2698 est,
1100 2635 1134 2682 ut

188 2715 284 2769 deam
311 2712 400 2769 facist
429 2713 507 2768 Deus
534 2713 623 2768 homo.
665 2719 734 2770 Bos.
768 2716 936 2773 Benedictus
957 2715 1050 2770 Deus!
1076 2715 1133 2770 ium

223 2816 356 2871 magnum
382 2799 516 2872 quiddam
542 2797 698 2856 invenimus
723 2801 758 2858 de
782 2801 835 2858 hoc
858 2802 934 2874 quod
960 2800 1134 2873 quaerimus3

222 2902 389 2956 prosequere
408 2885 506 2957 igitur,
532 2892 565 2940 ut
583 2886 719 2960 incepisti.
755 2888 842 2961 Spero
859 2887 947 2958 enim,
970 2887 1037 2960 quia
1055 2886 1133 2942 Deus

221 2988 273 3026 nos
291 2969 441 3027 adiuvabit

222 3175 1134 3326 suppqssifii.finini&1is¹¹=³⁶ffdpfffiffffssssssss⁷dssoeeiiss

222 3311 394 3383 posstbihtas
424 3329 483 3366 ems
507 3310 632 3367 sub1scet
657 3312 801 3368 voluntat.
838 3313 952 3396 Quippe
973 3315 1134 3386 quodvult,

221 3396 336 3436 neeesse
354 3387 396 3434 est
414 3395 495 3449 osset
510 3386 539 3434 et
555 3381 630 3452 quod
647 3398 704 3436 non
724 3383 792 3448 vult,
809 3383 980 3455 impossibile
994 3390 1036 3440 sst
1048 3385 1135 3440 esse.“
