2636 3806
422 289 499 348 OUR
516 289 617 348 DEUS
634 283 824 356 nondun.
845 299 871 349 7.
1062 293 1104 359 57

115 525 116 528 =
209 485 212 490 ’
276 461 317 547 70
368 496 437 549 Ans.
474 495 704 568 Investigandum
737 501 780 550 est
788 497 808 564 ¹)
841 511 930 566 nunc,
968 496 1136 567 quomodol

129 625 131 628 .
196 579 285 650 possit
301 580 361 636 fieri
378 579 456 636 Deus
472 582 564 636 homo.
599 581 704 636 Divina
728 583 802 638 enim
820 587 921 636 natura
941 585 968 636 et
983 580 1106 636 humana

197 684 254 721 non
272 672 389 737 possunt
407 667 436 721 in
460 665 579 720 invicem
600 666 715 732 mutari,
743 671 775 719 ut
798 665 893 720 divina
917 665 967 720 fiat
984 665 1106 720 humana
1172 724 1175 730 ,

197 752 242 806 vel
260 751 381 806 humana
401 751 508 822 divina,
532 768 584 806 nec
608 751 649 805 ita
667 751 794 820 misceri,
816 758 851 805 ut
867 753 1005 822 quaedam
1022 751 1106 806 tertia

198 837 234 890 sit
252 854 286 891 ex
307 837 432 906 duabus,
453 853 524 911 quae
539 855 592 892 nec
608 837 703 891 divina
723 838 759 892 sit
775 837 886 892 omnino
905 854 956 892 neo
975 837 1105 892 humana.

196 914 325 994 Denique
354 922 378 976 si
404 921 464 976 fieri
488 927 596 992 posset,
623 929 656 976 ut
680 923 768 978 altera
785 925 815 978 in
831 921 947 978 alteram
965 921 1138 978 converte-2

197 1013 288 1071 retur,
319 1012 369 1062 aut
387 1013 460 1062 esset
485 1014 594 1062 tantum
613 1007 690 1062 Deus
715 1016 742 1064 et
765 1024 822 1062 non
848 1007 930 1062 homo
949 1014 999 1062 aut
1016 1008 1105 1064 solum

195 1091 277 1146 bomo
297 1098 325 1147 et
341 1111 397 1148 non
414 1093 501 1150 Deus.
536 1094 595 1146 Aut
614 1093 637 1146 si
661 1093 843 1148 miscerentur
859 1095 913 1168 ita,
936 1099 969 1148 ut
987 1112 1020 1150 ex
1038 1093 1105 1147 dua·

195 1177 249 1234 bus
266 1179 403 1248 corruptis
422 1179 501 1234 fieret
518 1179 656 1250 quaedam
678 1178 774 1247 tertia,
800 1179 1045 1250 (quemadmodum
1070 1179 1105 1234 de

197 1261 305 1320 duobus
322 1264 472 1319 individuis
490 1263 656 1318 animalibus
677 1264 848 1318 diversarum
860 1265 1015 1335 specierum
1033 1281 1105 1318 mas-

196 1349 259 1404 culo
282 1356 311 1405 et
335 1349 439 1404 femina
463 1348 587 1404 nascitur
607 1348 732 1418 tertium,
760 1349 835 1420 quod
861 1365 912 1403 nee
926 1349 1017 1420 patris
1035 1351 1104 1406 inte-

195 1445 275 1506 gram
292 1451 344 1490 nec
362 1435 457 1490 matris
478 1441 570 1490 servat
589 1439 728 1502 naturam,
748 1434 797 1488 sed
818 1452 850 1489 ex
862 1440 980 1506 utraque
993 1437 1105 1490 tertiam

196 1521 321 1587 mixtam)
350 1539 403 1586 nee
425 1521 507 1579 homo
529 1526 603 1574 esset
625 1536 677 1574 nec
694 1519 780 1574 Deus.
816 1519 879 1575 Non
902 1520 989 1592 igitur
1012 1526 1105 1592 potest
1123 1516 1138 1566 3

195 1605 256 1660 fieri
274 1607 356 1661 homo
375 1607 470 1672 Deus,
490 1623 574 1678 quern
592 1604 751 1677 quaerimus
773 1621 806 1658 ex
824 1605 919 1659 divina
938 1613 965 1661 et
982 1606 1106 1662 humana

196 1698 305 1756 natura,
332 1699 381 1747 aut
397 1692 575 1748 conversione
593 1691 706 1746 alterius
732 1691 761 1744 in
785 1691 901 1746 alteram
925 1697 974 1746 aut
992 1710 1104 1762 corrup-

197 1776 255 1829 tiva
271 1775 464 1834 commixtione
485 1779 630 1848 utriusque
656 1777 686 1831 in
709 1777 834 1846 tertiam3
860 1777 926 1847 quia
949 1778 1019 1833 haec
1044 1777 1105 1832 fieri

197 1867 346 1932 nequeunt,
365 1859 413 1917 aut
431 1863 455 1917 si
472 1863 533 1918 fieri
550 1865 688 1933 valerent,
713 1863 783 1917 nihil
800 1863 836 1916 ad
855 1860 909 1917 hoc
928 1864 1003 1934 quod
1021 1881 1104 1935 quae-

197 1946 283 2018 rimus
307 1946 439 2006 valerent.
480 1947 510 2002 Si
535 1954 628 2002 autem
651 1948 777 2018 quolibet
799 1948 881 2002 modo
906 1947 946 2001 ita
973 1949 1140 2020 coniungit

197 2032 327 2102 dicuntur
346 2031 400 2087 hae
417 2033 489 2086 duae
512 2039 628 2086 naturae
647 2031 787 2104 integrae,
814 2038 847 2085 ut
870 2037 963 2086 tamen
980 2033 1051 2086 alius
1069 2033 1106 2087 eit

195 2117 279 2172 bomo
299 2117 371 2170 alius
391 2116 428 2170 sit
445 2115 530 2186 Deus,
548 2122 577 2171 et
594 2117 743 2190 nunidem
761 2117 797 2171 sit
814 2117 891 2172 Deus
910 2117 958 2189 qui
977 2115 1103 2188 ethomo,

195 2202 367 2274 impossibile
385 2209 442 2270 est,
466 2207 498 2256 ut
522 2203 604 2257 ambo
623 2202 728 2256 faciant
749 2201 825 2272 quod
846 2201 907 2256 fieri
924 2220 1036 2259 necesse
1053 2210 1104 2260 est.

195 2289 269 2345 Nam
285 2287 364 2342 Deus
381 2304 437 2341 non
462 2285 548 2342 faciet
572 2287 638 2357 quia
663 2304 719 2340 non
741 2286 870 2352 debebit,
896 2293 924 2343 et
946 2289 1028 2346 homo
1046 2309 1104 2348 non
1122 2299 1137 2350 5

194 2372 280 2428 faciet
297 2370 364 2443 quia
390 2388 446 2425 non
468 2371 584 2442 poterit;
610 2378 642 2426 ut
660 2389 726 2443 ergo
743 2372 795 2427 hoc
813 2372 900 2428 faciat
918 2375 996 2431 Deus
1014 2377 1104 2448 homo,

193 2447 308 2513 necesse
326 2463 369 2511 est
386 2456 505 2511 eundem
529 2454 621 2527 ipsum
638 2473 698 2512 esse
717 2455 870 2529 perfectum
887 2460 980 2516 Deum
999 2466 1027 2517 ct
1042 2481 1104 2534 per·

193 2542 469 2611 fectum'hominem,
494 2542 542 2613 qui
565 2543 637 2596 hanc
661 2543 877 2600 satisfactionem
900 2545 1025 2602 facturus
1047 2555 1103 2620 est,

195 2630 327 2701 quoniam
349 2643 410 2683 eam
434 2627 528 2684 facere
549 2645 607 2684 non
630 2635 722 2700 potest
750 2630 804 2684 nisi
820 2630 907 2686 'verus
931 2631 1022 2704 Deus,
1049 2651 1104 2692 nec

196 2711 280 2768 debet
300 2713 354 2768 nisi
374 2731 456 2768 verus
481 2713 571 2768 homo.
607 2714 745 2779 Quoniam
769 2734 835 2787 ergo
859 2724 968 2771 servata
989 2718 1136 2795 integri-6

195 2805 252 2853 tate
272 2800 418 2870 utriusque
442 2806 559 2854 naturae
583 2805 696 2856 necesse
714 2807 757 2856 est
773 2801 890 2857 inveniri
906 2804 998 2860 Deum
1016 2808 1102 2866 homi-

195 2899 272 2951 nem,
296 2902 352 2939 non
373 2885 464 2938 minus
491 2901 604 2940 necesse
628 2891 671 2940 est
693 2886 743 2940 has
762 2886 831 2941 duas
848 2896 961 2947 naturas
979 2895 1102 2968 integras

196 2969 341 3022 convenire
364 2968 393 3024 in
417 2986 502 3024 unam
519 2986 680 3040 personam,
705 2974 937 3042 quemadmodum
954 2995 1054 3050 corpus
1076 2989 1104 3040 et

195 3051 288 3106 anima
325 3053 467 3110 rationalis
508 3055 676 3110 conveniunt
717 3057 746 3113 in
788 3077 875 3117 unum
918 3063 1102 3141 hominem32)

267 3281 291 3346 1)
309 3279 343 3333 In
363 3297 435 3335 omn.
454 3279 542 3337 codd.
560 3281 606 3335 hic
622 3279 721 3352 incipit
738 3253 762 3337 c
780 3289 803 3337 7.

265 3350 292 3417 2)
309 3347 365 3404 cfr.
385 3348 546 3418 Symbolum
562 3351 720 3420 Quicunque
730 3370 761 3406 s.
771 3352 1000 3415 Athanaricum
1017 3369 1049 3424 27
1062 3387 1103 3444 sq.
