2636 3806
548 432 751 490 CAPITULA.
1084 429 1135 470 ¹¹¹

191 609 215 658 1.
243 601 323 668 Quod
350 620 412 659 cum
442 619 556 674 corpore
583 604 612 657 in
639 621 694 674 quo
721 604 790 659 vivit
820 603 848 658 in
875 601 927 656 hac
953 602 1026 671 vita,
1052 600 1134 655 homo

243 693 376 761 resurget

192 799 216 849 1.
243 791 325 857 Quod
343 793 377 848 de
395 793 517 850 humana
533 801 634 849 natura
651 793 777 866 perficiet
794 793 871 849 Deus
890 791 965 864 quod
977 789 1094 862 incepit.

194 903 217 952 5.
243 896 324 962 Quod
353 897 479 968 quamvis
504 897 557 952 hoc
582 915 695 954 necesse
723 898 759 954 sit
780 896 854 967 fieri,
881 902 974 954 tammr
998 893 1052 950 hoc
1077 911 1134 948 non

242 983 327 1038 faciet
350 989 466 1056 cogente
486 984 665 1054 necessitate,
691 989 719 1040 et
742 1001 813 1056 quae
837 983 873 1039 sit
896 981 1045 1038 necessitas
1063 996 1134 1051 quae

245 1069 336 1125 aufert
353 1069 472 1141 matiam
490 1075 540 1125 aut
556 1070 663 1140 minuit,
681 1078 709 1127 et
726 1085 798 1142 quae
816 1069 966 1126 necessitas
983 1072 1093 1139 augeat

194 1175 219 1228 t.
243 1171 325 1238 Quod
341 1171 557 1227 satisfactionem
575 1189 626 1243 per
640 1190 723 1244 quem
735 1158 858 1230 salvatur
870 1173 961 1243 homo,
978 1189 1034 1228 non
1048 1168 1137 1244 possit

243 1258 335 1314 facere
352 1257 406 1312 nisi
423 1257 502 1313 Deus
520 1258 610 1315 homo.

193 1369 216 1419 7.
241 1361 322 1426 Quod
347 1378 460 1417 necesse
485 1361 523 1417 sit
545 1363 664 1419 cundem
688 1365 779 1436 ipsum
798 1380 857 1419 esse
873 1361 1027 1434 perfectum
1044 1360 1135 1416 Deum

243 1454 271 1503 et
287 1445 442 1519 perfectum
460 1447 607 1504 hominem

192 1557 217 1608 8.
241 1550 322 1616 Quod
341 1568 490 1622 exgenere
508 1553 589 1608 Adae
607 1559 636 1608 et
651 1553 686 1610 de
697 1551 815 1624 Virgine
831 1552 935 1608 femina
948 1552 1039 1607 Deum
1056 1567 1135 1621 opor-

241 1643 301 1693 teat
317 1654 456 1693 assumere
473 1637 617 1694 hominem

194 1747 217 1797 t.
244 1740 323 1807 Quod
342 1757 455 1796 necesse
477 1741 512 1796 sit
529 1742 653 1798 Verbum
676 1743 765 1798 solum
788 1748 817 1798 et
838 1742 976 1800 hominem
1000 1742 1030 1798 in
1052 1758 1136 1796 unam

245 1826 392 1882 convenire
408 1844 563 1898 personam.

182 1933 220 1984 10.
248 1927 327 1994 Quod
346 1931 420 1986 idem
442 1931 524 1988 homo
543 1949 599 1988 non
617 1949 650 1988 ex
668 1933 763 1988 debito
783 1933 929 2002 moriatur,
955 1937 983 1988 et
1000 1931 1137 2004 quomodo

248 2016 334 2086 possit
353 2018 398 2073 vel
416 2035 472 2074 non
498 2019 587 2090 possit
609 2036 740 2090 peccare,
762 2026 791 2074 et
814 2036 863 2072 cur
884 2017 931 2074 ille
953 2018 998 2073 vel
1021 2018 1139 2090 angelus

250 2100 350 2158 desua
367 2104 475 2160 iustitia
490 2105 648 2160 laudandus
667 2107 717 2176 sit,
735 2124 799 2161 cum
816 2121 933 2176 peccare
949 2122 1005 2161 non
1023 2106 1138 2176 possint.

180 2207 220 2262 11.
249 2204 331 2270 Quod
347 2208 478 2264 moriatur
496 2225 529 2264 ex
549 2227 599 2264 sua
615 2215 753 2281 potestate
772 2215 800 2265 et
817 2208 892 2280 quod
912 2209 1066 2265 mortalitas
1083 2226 1139 2266 non

246 2291 383 2364 pertineat
402 2293 438 2350 ad
455 2311 554 2365 puram
573 2295 691 2350 hominis
709 2300 845 2351 natatem.

145 2409 149 2418 ·
179 2400 218 2452 12.
246 2395 328 2461 Quod
354 2397 478 2468 quamvis
502 2399 737 2455 incommodorum
765 2406 922 2456 nostrornm
937 2401 1077 2473 particeps
1094 2400 1139 2470 sit,

247 2482 330 2538 miser
346 2489 440 2539 tamen
456 2501 511 2540 non
528 2486 573 2543 sit.

180 2590 220 2640 13.
246 2584 328 2651 Quod
350 2603 414 2643 cum
437 2587 499 2642 aliis
521 2587 729 2646 infirmitatibus
754 2590 855 2646 nostris
879 2588 1065 2662 ignorantiam
1083 2608 1138 2647 non

246 2671 357 2728 habeat.

181 2761 219 2814 14.
244 2758 387 2824 Quomodo
411 2777 483 2817 mors
507 2761 566 2818 eius
592 2763 752 2834 praevaleat
769 2779 883 2820 numero
903 2769 931 2819 et
949 2765 1141 2836 magnitudine

248 2850 426 2915 peccatorum
444 2847 574 2904 omnium.

182 2938 221 2988 15.
249 2930 393 2998 Quomodo
417 2935 508 2990 deleat
532 2950 604 2990 mors
628 2935 725 2990 eadem
748 2935 831 2992 etiam
853 2943 972 3008 peccata
989 2957 1052 2996 eum
1070 2941 1142 3011 peri·

249 3019 390 3076 mentium.

183 3109 234 3160 16⁸.
243 3103 368 3168 Qualiter
390 3108 467 3164 Deus
492 3108 526 3162 de
552 3124 643 3164 massa
666 3108 822 3178 peccatrice
850 3107 981 3164 assumsit
1003 3108 1141 3168 hominem

248 3190 308 3246 sine
325 3201 447 3264 peccato,
467 3200 495 3250 61
512 3194 547 3250 de
564 3194 716 3250 salvatione
731 3195 814 3250 Adae
830 3200 859 3251 et
872 3195 956 3250 Evae.
999 3213 1002 3220 ·

183 3277 235 3334 16⁸.
247 3277 393 3344 Quomodo
414 3296 470 3334 non
492 3281 657 3337 necessitate
682 3287 807 3336 mortuus
830 3287 887 3350 est,
909 3281 957 3352 qui
976 3300 1032 3339 non
1050 3283 1142 3354 potuit

251 3381 312 3421 esse
329 3363 384 3420 nisi
400 3364 466 3435 quia
483 3373 543 3422 eret
560 3368 716 3422 moriturus.

182 3457 222 3508 17.
246 3450 328 3517 Quod
345 3449 374 3505 in
392 3449 454 3505 Deo
470 3467 527 3505 non
550 3452 587 3507 sit
614 3451 763 3508 necessitas
790 3451 835 3508 vel
861 3452 1085 3525 impossibilitas,
1112 3463 1140 3512 et

249 3535 318 3607 quid
337 3535 374 3590 sit
389 3534 539 3592 necessitas
559 3551 663 3608 cogens
682 3542 711 3592 et
727 3537 877 3596 necessitas
893 3556 949 3600 nou
968 3554 1079 3614 cogens.
