2636 3806
405 262 482 322 OUR
499 262 601 320 DEUS
617 259 735 317 110110.
771 262 793 316 Ι.
812 267 854 320 de
871 267 911 319 21.
1051 263 1095 347 49

159 498 161 504 ,
187 433 358 491 cordem'est
374 434 560 506 'impossibile
596 437 664 488 Boe.
694 431 789 488 Aliam
807 430 1109 503 Dei-misericordiam:

186 521 269 576 video
287 536 347 575 esse
366 518 561 590 quaerendam,
580 533 664 590 quam
680 517 771 574 istam.
807 519 876 572 Aua.
898 515 1004 574 Verum
1021 522 1094 572 esto:
1115 514 1147 566 18

187 605 303 660 dimittit
319 606 396 660 Deus
414 603 448 673 ei,
467 603 515 676 qui
534 620 590 658 non
608 603 691 658 solvit
708 603 784 675 quod
801 604 893 672 debet,
911 601 1015 658 idcirco
1027 617 1094 672 quo·

186 693 262 747 niam
287 708 342 746 non
369 694 470 761 potest.
507 690 575 744 Boe.
603 688 649 743 Ita
664 687 772 746 vellent
808 690 877 743 Aac.
905 687 945 743 At
962 687 1094 758 quamdiu
1114 687 1145 740 te

186 794 243 832 non
269 776 379 845 reddet,
406 781 456 830 aut
481 773 556 829 volet
581 773 697 830 reddere
725 780 853 830 autnon
878 775 961 830 volet
998 772 1053 829 Sed
1072 773 1110 832 si;

186 863 261 918 volet
274 861 350 933 qnod
361 877 417 916 non
428 858 538 930 poterit,
550 858 678 930 indigens
691 859 758 931 erit,
775 861 800 914 si
811 875 876 916 vero
888 877 946 914 non
957 859 1040 928 volet,
1055 857 1095 912 in·

186 949 276 1002 iustus
291 947 350 1002 erit.
376 948 445 1000 Boe.
456 943 519 1000 Hoc
531 945 601 1000 nihil
615 945 724 1003 alarius.
753 948 823 1002 Aua.
842 945 906 1002 Sive
918 951 1011 1002 autem
1023 943 1095 998 indi-

187 1051 256 1104 gens
276 1032 334 1087 sive
348 1031 467 1086 iniustum
479 1030 524 1100 111,
542 1031 641 1085 11111111
652 1049 714 1086 non
727 1031 785 1087 erit
813 1033 882 1086 Bos.
900 1031 939 1086 Et
951 1031 1004 1088 hoc
1017 1046 1095 1102 aper·

186 1125 253 1174 tum.
271 1120 341 1172 Aac.
356 1116 496 1182 Quamdiu
508 1132 574 1186 ergo
587 1131 643 1170 non
652 1116 759 1186 reddet,
772 1116 873 1172 beatus
885 1135 945 1174 esse
956 1134 1012 1172 non
1020 1123 1096 1186 pote-
1113 1109 1148 1160 2⁰

186 1203 230 1258 rit
259 1205 328 1257 Boo.
349 1202 379 1258 Si
389 1202 524 1256 rationem
536 1207 668 1272 sequatur
679 1201 899 1272 Deusinstitiae,
918 1220 975 1258 non
987 1208 1030 1258 est
1041 1219 1097 1273 qua

187 1289 289 1344 evadat
299 1287 383 1344 miser
393 1285 549 1355 homuncio,
567 1292 596 1342 et
609 1285 798 1342 misericordia
807 1288 862 1343 Dei
875 1289 966 1358 perire
978 1288 1097 1344 videtur.

187 1375 257 1428 Aua.
276 1373 423 1430 Rationem
435 1372 593 1443 postulasti,
610 1372 746 1427 rationem
759 1371 871 1444 accipe,
891 1374 1096 1429 misericordem
1114 1369 1145 1420 ²1

186 1460 280 1516 Deum
306 1475 366 1514 esse
389 1477 445 1514 non
468 1473 554 1529 nego,
578 1457 773 1528 quibomines
800 1463 828 1512 et
852 1455 977 1514 iumenta
1000 1459 1097 1526 salvat,

188 1541 644 1620 quemadmodnmmultiplicavie
670 1542 889 1598 misericordiam
912 1560 998 1599 suam
1039 1543 1098 1600 Nos
1115 1541 1149 1592 22

187 1637 281 1686 autem
309 1629 510 1702 loquimnvde
536 1627 586 1684 illa
611 1627 710 1682 1111111111
730 1627 933 1695 misericordia,
960 1643 1016 1698 qua
1033 1631 1099 1698 post

186 1719 259 1773 hanc
277 1717 363 1771 vitam
389 1716 504 1770 1111111111
530 1711 598 1769 facit
620 1713 773 1783 hominem,
798 1714 872 1773 hanc
897 1711 1098 1768 beatitudinem

148 1839 154 1844 -
187 1804 259 1858 nulli
278 1801 338 1856 dari
359 1799 461 1855 debere
481 1798 537 1854 nisi
553 1799 607 1869 1111,
628 1799 673 1854 oui
689 1800 801 1870 penitus
822 1799 936 1858 dimissa
953 1802 1019 1851 sunt
1034 1812 1099 1867 pec·

161 1927 163 1934 ·
188 1893 264 1956 cata,
297 1902 349 1940 nec
375 1885 451 1939 hanc
479 1885 669 1940 dimissionem
694 1884 755 1941 fieri
778 1884 833 1940 uisi
860 1884 953 1939 debito
980 1881 1098 1950 reddito,

189 1973 264 2045 quod
301 1970 419 2026 debetur
453 1986 505 2039 pro
544 1977 659 2040 peccato
698 1972 851 2026 seeundum
879 1967 1098 2038 magnitudinem

188 2059 313 2131 peccati,
343 2070 429 2126 supra
453 2053 551 2124 positis
580 2055 736 2111 rationibus
762 2061 831 2126 puto
856 2071 901 2109 me
929 2051 1099 2106 sufficienter

189 2141 350 2198 ostendisse.
386 2138 495 2203 Quibus
517 2140 541 2192 si
559 2140 627 2211 quid
644 2141 697 2195 tibi
716 2141 826 2195 videtum
844 2155 926 2210 posse
944 2135 1098 2192 rationibus
1118 2129 1153 2182 23

189 2227 288 2292 obiici,
316 2225 408 2280 dicere
426 2224 520 2279 debes.
557 2226 626 2280 Boe.
658 2226 721 2297 Ego
743 2226 840 2297 utique
866 2223 973 2288 nullam
989 2229 1100 2278 tuarum

189 2314 328 2369 rationum
347 2309 521 2381 anquatenus
540 2309 673 2366 infirmari
692 2327 773 2380 posse
790 2310 878 2366 video.
912 2304 1152 2379 1411111111124

191 2417 252 2472 ego,
270 2399 295 2454 si
312 2397 384 2452 bene
403 2395 626 2461 considerentur,
648 2394 997 2465 existim03,verumtamen
1015 2394 1039 2448 si
1055 2393 1101 2448 vel

169 2503 248 2542 ,una
274 2486 310 2539 de
337 2481 464 2536 omnibus
488 2496 558 2552 quas
582 2481 664 2552 posui
686 2479 898 2550 inexpugnabili
918 2479 1035 2536 veritate
1057 2496 1101 2534 ro·

189 2570 312 2638 boratru,
332 2567 460 2622 sufficere
479 2566 569 2622 debet
599 2565 665 2624 Sive
681 2583 801 2637 namque
821 2582 878 2620 uno
896 2566 955 2619 sive
973 2563 1100 2634 pluribus

190 2654 362 2727 argumentis
387 2653 489 2707 veritas
512 2651 766 2722 inexpugnabiliter
791 2655 971 2719 monstretur,
999 2665 1101 2721 aequa·

118 2740 121 2747 '
189 2740 255 2795 liter
273 2739 309 2793 ab
329 2737 403 2794 omni
422 2735 597 2794 dubitatione
617 2736 784 2794 defenditur.

269 2842 339 2927 25·
390 2875 458 2928 Boe.
488 2871 591 2940 Ecce1)
613 2872 653 2926 ita
673 2881 722 2927 est.
758 2872 902 2937 Quomodo
927 2888 993 2943 ergo
1008 2871 1132 2926 salvnsr

190 2957 243 3012 erit
261 2956 359 3028 homo,
387 2961 410 3014 si
429 2957 490 3029 ipse
507 2975 559 3012 nec
577 2957 660 3014 solvit
677 2957 752 3029 quod
770 2957 861 3028 debet,
888 2974 940 3014 nec
959 2955 1061 3010 salvari
1077 2955 1102 3009 si

189 3058 246 3094 non
266 3039 349 3094 solvit
377 3042 480 3100 debet?
505 3050 554 3100 aut
575 3059 631 3115 qua
654 3041 746 3101 fronte
769 3060 938 3111 asseremus,
960 3041 1052 3096 Deum
1071 3040 1101 3095 in

190 3125 380 3180 misericordia
405 3127 517 3185 divitem
540 3145 623 3200 super
630 3131 652 3198 ²)
672 3127 823 3183 humanum
841 3128 1011 3184 intellectum
1028 3127 1101 3182 hanc

262 3266 286 3332 1)
304 3263 339 3318 In
357 3265 439 3320 Mser.
456 3265 528 3322 hio
520 3266 576 3320 mci
598 3266 620 3322 it
638 3279 668 3320 a
683 3269 725 3322 25.

260 3333 406 3405 2118111111
422 3335 528 3391 Aabc
547 3285 672 3390 Rbus

928 3423 945 3472 4
