2636 3806
234 307 275 370 10
416 303 444 359 S.
464 301 636 360 Ausum
654 301 962 360 CANTUARIENSIS

232 473 336 528 iustum
352 480 382 534 et
398 473 544 541 iniustum,
573 477 601 527 et
625 473 661 528 oh
683 472 736 526 hoc
755 485 773 525 a
792 487 850 526 non
866 469 1016 543 diligenter
1031 472 1142 528 intuen-

92 605 94 609 .
183 561 215 613 10
232 559 308 614 tibus
325 565 415 615 totum
436 558 540 613 iustum
557 561 607 613 aut
632 556 765 611 iniustum
781 555 905 611 iudicari
939 556 1042 613 Evenit
1058 558 1140 628 enim,

232 650 265 700 ut
283 644 384 716 aliquis
404 644 580 705 innocentem
597 640 737 713 percutiat
754 640 872 711 iniuste,
897 643 973 698 unde
989 643 1049 716 ipse
1066 645 1142 699 inste

231 732 341 802 percuti
359 734 510 795 mereatum
538 727 563 781 si
586 733 680 782 tamen
699 743 848 798 percussus
874 726 1017 784 vindicare
1034 745 1065 784 se
1083 745 1141 784 non
1221 759 1227 768 ·

234 816 317 872 dehet
343 821 372 871 et
398 813 520 886 percutit
546 813 749 884 percutientem
776 829 820 880 se,
853 812 956 869 iniuste
985 813 1040 868 hoc
1063 813 1140 870 facie
1176 850 1179 854 -

183 901 211 950 11
232 899 311 956 Haec
343 899 429 971 igitur
455 900 597 969 percussio
624 916 659 954 ex
688 903 769 968 parte
799 897 1010 968 repercutientis
1037 898 1142 953 iniuste

232 991 284 1052 est,
309 986 375 1056 qula
396 984 573 1040 uonvdehuit
601 1002 631 1040 se
655 983 811 1055 vindicaro;
837 1002 871 1040 ex
894 989 974 1056 parte
990 1000 1062 1038 ¹vero
1078 999 1141 1053 per·

233 1069 308 1127 cuesi
326 1069 412 1138 iusta,
439 1069 506 1142 quia
522 1069 624 1124 iniuste
641 1069 799 1141 percutiens
817 1068 890 1126 iuste
906 1068 1016 1140 percuti
1031 1067 1139 1124 meruit

91 1207 94 1213 ,
185 1158 215 1208 12
233 1155 351 1211 Diverso
373 1153 460 1226 igitur
484 1154 587 1210 intuitu
610 1154 685 1210 iusta
709 1159 738 1211 et
763 1155 866 1211 iniuste
883 1159 927 1210 est
944 1155 1041 1210 eadem
1057 1153 1140 1224 actio,

234 1242 300 1314 quia
314 1241 476 1312 contingere
492 1245 585 1311 potest
614 1240 651 1295 ab
679 1240 734 1295 alio
761 1240 877 1296 iudicari
899 1241 1000 1295 iustam
1022 1245 1140 1308 tantum,

201 1395 203 1399 ,
233 1328 270 1383 ab
297 1327 351 1382 alio
371 1327 516 1382 iniustam.
560 1326 622 1381 Hoc
651 1326 745 1398 itaque
773 1327 855 1381 modo
882 1325 1010 1381 diabolus
1038 1324 1141 1380 dicitur

233 1407 306 1468 iuste
330 1429 431 1469 vexare
453 1412 606 1482 hominem,
633 1413 700 1484 quia
722 1412 800 1467 Deus
827 1412 881 1467 hoc
911 1411 984 1465 iuste
1006 1410 1143 1481 permittit

184 1497 217 1552 13·
234 1503 262 1553 et
286 1497 369 1553 homo
394 1499 447 1554 hoc
474 1500 547 1554 iuste
571 1497 683 1569 patitur.
719 1497 775 1552 Sed
805 1502 834 1553 et
858 1497 923 1566 hoc,
953 1497 1029 1568 quod
1058 1497 1141 1552 homo

233 1582 305 1639 iuste
324 1584 427 1639 dicitur
445 1585 513 1654 pati,
530 1600 587 1638 non
606 1598 657 1637 sua
675 1582 782 1638 iustitia
798 1582 872 1638 iuste
892 1581 993 1637 dieitur
1004 1582 1071 1653 pati,
1090 1581 1141 1636 sed

183 1673 216 1724 14
234 1663 300 1738 quia
324 1670 440 1740 punitur
460 1670 534 1723 iusto
558 1666 663 1721 iudicio
685 1666 749 1723 Dei.
790 1667 831 1721 At
853 1666 877 1721 si
899 1666 1060 1722 obtenditur
1084 1666 1141 1721 chi-

233 1753 404 1824 rographum
421 1752 493 1807 illud
517 1741 634 1817 decreti,
660 1752 736 1823 quod
752 1752 899 1808 adversum
919 1769 970 1807 uos
989 1751 1058 1806 dieit
1074 1767 1141 1822 apo·

234 1837 320 1891 stolus
329 1839 348 1906 ¹)
373 1837 460 1894 fuisse
483 1844 511 1894 et
534 1855 585 1908 per
606 1843 722 1893 mortem
744 1837 846 1894 Christi
870 1836 991 1894 delemm
1008 1853 1083 1906 esse;
1113 1843 1142 1892 et

233 1927 316 1994 putat
338 1923 453 1996 aliquis,
477 1940 527 1995 per
548 1921 619 1978 illud
644 1922 808 1994 significari,
832 1923 899 1994 quia
915 1922 1043 1979 diabolus
1060 1924 1141 1996 quad

234 2007 287 2063 sub
311 2008 457 2062 cuiusdam
480 2007 557 2080 pacti
580 2007 764 2080 chirographo
778 2009 824 2064 ‘uh
847 2009 958 2064 homino
979 2008 1052 2065 iuste
1075 2015 1141 2065 ante

233 2091 391 2162 passionem
416 2092 518 2149 Christi
541 2099 702 2165 peceatum,
727 2095 804 2150 velut
830 2109 943 2149 usuram
968 2092 1050 2165 primi
1075 2110 1140 2164 pece

123 2230 129 2246 x
235 2177 292 2232 cati
310 2179 386 2249 quod
403 2179 543 2249 persuasit
560 2177 680 2248 homini,
704 2184 732 2234 et
749 2195 866 2250 poenam
883 2179 992 2250 peceati
1010 2179 1141 2250 exigeret,

233 2268 267 2317 ut
286 2280 337 2333 per
355 2264 408 2318 hoc
425 2264 558 2320 iustitium
576 2282 655 2320 suam
672 2281 755 2336 super
775 2264 914 2320 hominem
932 2264 1061 2320 videatur
1077 2281 1141 2335 pro·

183 2347 217 2399 15
235 2348 317 2417 hare,
341 2365 517 2420 nequequam
539 2352 579 2407 ita
603 2351 816 2422 intelligendum
839 2355 915 2421 puto.
951 2349 1061 2420 Quippe
1084 2349 1141 2404 chi·

234 2433 405 2505 regraphum
431 2433 501 2489 illud
528 2453 585 2491 non
612 2443 655 2492 est
681 2436 800 2505 diaboli,
832 2435 899 2506 quia
926 2434 1141 2506 chirographum

212 2518 337 2574 dicitur
361 2519 476 2586 decreti,
501 2519 643 2575 decretum
663 2526 757 2575 autem
780 2520 850 2575 illud
873 2536 930 2574 non
954 2525 1015 2574 erat
1038 2520 1142 2576 diaboli

237 2720 304 2792 quia
321 2738 372 2776 nec
389 2721 443 2778 iste
460 2721 569 2793 percuti
586 2739 638 2778 nec
656 2722 704 2778 ille
723 2728 866 2793 percutere
884 2723 983 2793 dehet;
1009 2741 1043 2779 ex
1066 2727 1141 2778 utra·

235 2806 290 2860 que
309 2796 389 2860 perte
408 2807 463 2846 non
486 2797 563 2846 recta
581 2798 631 2859 eet,
650 2793 716 2863 quia
729 2809 762 2847 ex
773 2798 873 2847 neutra
904 2797 964 2848 arte
977 2792 1061 2863 debet
1072 2808 1141 2858 esse,

233 2857 383 2929 percussio.
419 2859 489 2914 eum
513 2877 579 2916 vero
603 2877 725 2930 peccans
744 2860 781 2916 ab
798 2876 869 2916 coa
906 2877 990 2932 quem
1007 2878 1063 2916 non
1079 2877 1142 2931 per·

233 2926 318 2996 tinet,
361 2927 508 2996 ercutitur3
539 2930 669 2998 quoniam
692 2936 722 2985 et
747 2930 800 2985 iste
824 2930 907 2985 debet
924 2931 1032 3000 percuti
1048 2935 1077 2984 et
1093 2929 1142 2984 iile

233 3012 289 3077 non
316 2945 400 3077 uelint
422 3003 581 3066 percutere:
609 2998 693 3054 debet
713 3004 742 3054 et
764 3015 820 3054 nou
845 2997 929 3053 debet
952 3014 1013 3054 esse
1030 3015 1142 3068 peruua-

235 3070 331 3132 s10‚et
350 3065 413 3120 ideo
430 3071 508 3120 recta
526 3072 555 3120 et
574 3083 631 3120 non
648 3071 724 3122 recte
739 3066 837 3138 negari
856 3082 913 3122 non
931 3068 1050 3137 potest.“

307 3151 332 3218 1)
352 3149 456 3207 Coloss.
477 3156 501 3220 2,
523 3156 569 3206 id:
595 3151 742 3220 ἐξαλείψας
766 3150 797 3205 τὸ
817 3153 881 3206 καθ’
899 3149 980 3226 ἡμῶν
992 3169 1036 3222 χει
1064 3150 1071 3170 '
1091 3171 1142 3225 ρα-

235 3237 293 3291 φον
323 3226 398 3280 τοῖς
424 3217 489 3291 oty
522 3235 607 3274 ασιν
630 3219 648 3275 3
674 3217 710 3289 ἦν
734 3219 900 3301 infractior
922 3219 999 3294 ἡμῖν.
1038 3171 1141 3290 εἴξῃ

245 3289 349 3356 ‚delens
367 3289 443 3358 quod
460 3305 478 3344 a
497 3305 594 3344 susus
604 3305 655 3344 nos
669 3296 729 3344 erut
740 3288 815 3344 chiro
866 3289 953 3361 phum
965 3290 1095 3343 decrett“
1106 3313 1142 3328 -

233 3329 299 3415 itio.
319 3358 453 3424 Bccpelis'
469 3357 597 3414 (inomon
616 3359 651 3415 N.
669 3359 702 3413 T.
722 3375 747 3414 a.
766 3358 792 3413 h.
812 3305 866 3414 Em
