2636 3806
462 320 682 384 rmrrnrro
699 313 888 383 annonis:
970 282 975 288 ’
1124 288 1171 369 ir

196 499 433 568 ecclesiasticae
450 521 478 566 a.
495 500 527 566 S.
542 499 694 566 Anselmo
711 503 823 565 contra
837 498 1031 565 Guilelmum
1045 519 1156 584 regem
1171 506 1173 514 ’

196 594 360 672 suscepta,
391 605 474 670 quae
507 584 582 651 dum
607 585 819 670 gerebantur,
853 591 972 649 nostro*
993 585 1157 670 denegata
1169 588 1176 662 j

196 678 245 738 est
266 691 284 737 o
308 673 488 757 portunitas
504 690 603 756 saepe
625 672 658 736 in
673 669 875 736 remotiorem
890 689 1036 735 camerae
1051 672 1156 736 locum
1173 673 1175 676 ’

196 775 269 823 6666
292 757 367 823 endi
389 756 643 838 coelestibusque
669 755 783 821 studiis
804 753 1009 837 inhaerendi3
1039 775 1078 820 ac
1100 777 1156 824 va-

196 843 263 907 riae
296 841 518 907 tribulationes
550 861 623 906 eum
659 845 847 924 coegerunt,
882 840 915 904 in
947 839 1157 924 longinquum

196 934 321 1012 tempus
344 927 471 992 differre
487 925 657 992 voluminis
678 926 764 991 illius
786 924 892 1009 coepti
915 927 1157 993 consummatio-

197 1031 279 1086 nem.
321 1012 466 1077 Tandem
494 1010 617 1076 flumini
645 1031 680 1077 se
709 1010 838 1076 obvium
863 1009 947 1075 ferre
976 1012 1078 1077 soluin
1099 1013 1158 1076 im-

196 1105 310 1182 potens
344 1097 386 1162 ad
418 1096 528 1163 sedem
560 1096 771 1180 apostolicam
810 1094 967 1178 coniugit3
1007 1094 1041 1160 id
1073 1095 1158 1180 quod

197 1201 296 1268 supra
323 1201 398 1266 pag.
426 1181 455 1246 V
488 1181 719 1246 enarravimus.
772 1181 835 1243 Per
863 1179 924 1245 hoc
955 1188 1061 1245 autern
1091 1183 1158 1246 exi-

197 1265 275 1331 lium
304 1267 452 1332 Italicum
478 1266 638 1332 Iohannes
670 1267 779 1331 Abbas
809 1265 953 1330 coenobii
983 1265 1014 1331 S.
1045 1267 1158 1331 Salva-

196 1349 275 1416 toiis
299 1352 386 1436 apud
406 1352 548 1416 Telesim
570 1351 603 1415 in
629 1351 787 1436 Capuana
808 1351 975 1432 provincia
997 1352 1060 1436 siti,
1083 1353 1159 1417 olim

198 1437 373 1502 Monachus
395 1437 566 1502 Beccensis
596 1442 628 1501 et
650 1435 682 1500 S.
704 1436 848 1500 Anselmi
871 1435 1063 1521 discipulus,
1090 1435 1162 1503 ma-¹

198 1523 334 1606 gistrum
355 1522 552 1600 carissimum
576 1529 611 1586 ut
626 1522 659 1585 in
674 1522 776 1606 ipsius
793 1520 871 1584 villa
887 1519 1017 1585 Solaria
1030 1542 1159 1589 menses

198 1628 227 1671 a
258 1607 340 1671 1098
374 1608 513 1672 aestivos
546 1607 739 1689 transigeret
771 1604 973 1689 hospitaliter
999 1607 1159 1674 invitavit.

198 1691 270 1756 Huc
292 1693 401 1776 itaque
423 1691 562 1758 devertit
582 1693 657 1757 exul
679 1698 712 1756 et
726 1690 787 1756 hac
808 1691 842 1754 in
858 1691 1055 1756 habitatione
1070 1712 1159 1758 mona

199 1783 292 1841 tuosa
313 1778 540 1860 turbarumque
562 1778 697 1842 tumultu
715 1797 818 1841 vacua
836 1777 966 1842 vaeavit
982 1776 1033 1843 die
1050 1785 1160 1844 noctu-

201 1881 261 1944 que
285 1881 356 1926 oum
379 1860 508 1927 divinae
531 1861 792 1944 contemplationi
812 1867 879 1925 tum
900 1862 1040 1927 secundo
1059 1867 1160 1930 nostri

200 1951 356 2011 tractatus
397 1947 478 2012 libro
522 1945 734 2029 conficiendo,
783 1966 977 2029 quamquam
1021 1950 1161 2032 spatium

201 2032 441 2113 quaestionibus
464 2051 546 2115 quae
575 2032 759 2096 restiterant
783 2030 960 2096 enodandis
983 2033 1062 2097 satis
1088 2053 1161 2098 oon·

201 2135 315 2198 gruum
356 2123 469 2182 nactus
512 2133 576 2179 non
619 2123 677 2182 est.
744 2116 782 2179 In
815 2116 967 2200 Angliam
1002 2127 1176 2203 reversus,

201 2200 312 2285 scripti
344 2201 441 2266 totius
472 2201 692 2286 apographum
726 2219 785 2284 per
819 2202 993 2285 monachos
1023 2203 1161 2268 (lantra-

201 2286 324 2350 rienses
357 2292 500 2351 curatum
532 2305 616 2351 anno
649 2285 749 2350 ferme
779 2286 862 2350 1104
891 2287 1040 2352 Paschali
1067 2288 1162 2354 huius

201 2371 338 2435 nominis
360 2371 501 2436 seeundo
522 2369 632 2455 Papae
655 2368 878 2458 transmisitl)

265 2453 379 2532 Quoad
407 2459 538 2520 indolem
569 2455 674 2540 operis
703 2459 924 2540 internamque
949 2460 1162 2542 oeconomiam,

202 2538 236 2604 id
266 2561 365 2622 quare
397 2541 597 2624 inscripserit
635 2541 720 2625 „Our
751 2541 840 2607 Deus
873 2539 1013 2624 Homo‚“
1045 2541 1162 2625 quidve

202 2623 297 2690 fuerit
319 2645 374 2690 cur
395 2626 428 2690 in
448 2626 546 2691 libros
568 2626 750 2691 distinxerit
770 2626 859 2709 dnos,
883 2646 922 2690 ao
944 2627 1038 2708 quale
1054 2647 1162 2692 eorum

203 2708 246 2774 sit
279 2709 451 2776 discrimen
482 2710 663 2795 materiale,
695 2748 737 2757 —
770 2711 802 2776 S.
829 2711 1002 2777 Anselmus
1030 2711 1101 2796 ipsc
1129 2711 1163 2776 in

202 2793 406 2863 Praefatione
435 2815 494 2862 sua
519 2796 677 2880 exposuit.
731 2795 865 2878 Dialogi
894 2801 1001 2861 autem
1029 2795 1163 2861 sormam

203 2878 240 2942 L.
261 2880 277 2944 Ι
298 2900 324 2946 c.
349 2883 366 2944 1
392 2901 418 2946 6.
439 2881 460 2946 f.
480 2882 553 2946 ideo
576 2901 611 2946 se
632 2879 749 2946 fatetur
771 2879 969 2964 adhibuisse,
993 2880 1163 2964 „quoniam

205 2982 245 3026 ea
274 2984 357 3047 quae
385 2986 443 3051 per
471 2966 755 3048 interrogationem
788 2972 820 3030 et
847 2966 1087 3050 responsionem
1101 3008 1104 3014 -
1117 2963 1163 3027 in-

203 3047 417 3135 vestigantur,
447 3050 556 3117 multis
582 3058 624 3116 et*
642 3051 783 3116 maxime
811 3049 1003 3116 tardioribus
1025 3047 1164 3131 ingeniis

204 3134 309 3216 magis
330 3142 443 3222 patent
470 3143 503 3202 et
528 3135 601 3210 ideo
629 3137 702 3222 plus
732 3134 897 3220 placent;“
927 3133 1164 3222 quodquidam

276 3409 301 3474 l)
319 3404 375 3460 Ofr.
396 3405 423 3461 S.
442 3407 512 3460 Ans.
531 3405 728 3475 Epistularum
747 3401 810 3458 Lib.
829 3401 879 3472 IV,
899 3407 940 3458 55.
970 3426 971 3439 1
