2636 3806
396 300 473 361 OUR
491 302 590 361 DEUS
606 301 723 358 HOMO.
759 301 856 358 1117.
907 299 912 306 '
1039 301 1078 367 8i

105 483 113 494 “
179 481 255 532 otum
273 476 494 547 eutlidemipae
514 473 619 547 estqui
640 473 728 530 Filius
739 473 794 531 Dei
811 473 897 542 Deua,
916 489 972 527 non
990 469 1083 543 potuit

178 577 235 616 non
250 561 319 615 mori
337 565 387 614 aut
406 562 478 617 velle
496 577 552 616 uon
568 561 650 630 mori,
676 567 822 633 postquam
845 560 880 615 de
900 557 1016 630 Virgine
1034 573 1083 610 na·

178 653 225 702 tus
245 651 301 706 esa
327 662 383 700 non
400 645 571 718 significatur
589 647 618 701 in
632 647 681 702 illo
698 647 757 702 ulla
775 644 938 717 impotentia
954 639 1084 698 servandi

180 735 230 785 aut
262 730 374 786 volendi
411 749 520 788 servare
553 732 638 788 vitam
680 749 758 787 auam
794 730 991 798 immortalem,
1033 725 1083 781 sed

180 817 388 872 immutabilitas
423 818 574 873 voluntatis
611 820 680 888 eiua,
723 835 778 888 qua
815 834 845 872 se
883 820 981 886 sponte
1017 811 1085 868 feeit
1143 881 1144 886 ἵ

180 901 319 958 bominem
352 902 389 957 ad
423 902 476 960 hoe
512 911 544 959 ut
582 905 613 959 in
648 902 744 960 eadem
779 903 923 957 voluntate
957 911 1084 968 perseve-

180 1003 245 1041 rans
278 993 442 1058 moreretur,
475 996 503 1045 et
534 990 601 1062 quia
633 987 709 1044 nulla
737 1005 782 1043 rea
812 986 904 1059 potuit
933 983 1010 1038 illam
1037 999 1084 1037 vo·

180 1070 316 1128 luntatem
343 1080 459 1129 mutare.
510 1075 578 1130 Plua
607 1074 680 1130 enim
709 1078 783 1130 esset
808 1071 972 1143 impotentia
1002 1083 1086 1139 quam
1105 1068 1138 1122 16

181 1159 319 1229 potentia,
344 1158 368 1212 ai
391 1166 486 1230 posset
507 1160 578 1216 velle
600 1161 711 1216 mentiri
728 1167 778 1215 aut
794 1159 892 1216 fallere
913 1166 963 1215 aut
978 1163 1086 1214 mutare

182 1243 367 1314 voluntatem,
396 1260 480 1316 quam
505 1246 581 1316 priua
606 1245 806 1302 immutabilem
832 1262 892 1301 ease
919 1245 1015 1300 voluit.
1050 1243 1088 1299 Et
1106 1246 1139 1297 ll

184 1330 472 1402 ai(quemadmodum
496 1335 611 1402 aupra1)
634 1332 703 1400 dixi)
729 1347 792 1386 eum
818 1330 918 1402 aliquia
942 1336 1088 1402 spontane

183 1417 313 1488 proponit
335 1416 474 1472 fauturum
497 1417 601 1472 bonum
622 1417 750 1489 aliquod,
778 1423 806 1472 et
830 1416 928 1472 eadem
946 1417 1089 1471 voluntate

184 1509 283 1571 postea
306 1501 415 1572 per-deit
441 1503 515 1573 quod
539 1503 696 1575 proposuit3
721 1503 847 1575 quamvis
870 1501 934 1572 cogi
953 1499 1042 1571 possit
1065 1499 1089 1555 ei

184 1575 255 1641 nolit
279 1588 443 1658 promissum
465 1589 588 1659 solvere,
615 1605 670 1645 non
695 1595 790 1644 tamen
816 1587 951 1643 dicendus
978 1592 1021 1642 eat
1042 1603 1089 1642 ne-

185 1671 314 1728 cessitate
339 1672 430 1730 faeere
448 1674 523 1745 quod
540 1674 624 1745 facit,
647 1676 697 1730 aed
716 1693 750 1731 ea
767 1692 823 1748 qua
839 1673 985 1745 proposuit
1002 1672 1091 1728 libera

185 1755 344 1826 voluntate3
378 1776 435 1814 non
463 1760 536 1815 enim
564 1761 729 1826 neeeesitate
757 1768 806 1816 aut
835 1757 998 1832 impotentia
1030 1755 1091 1814 fieri

186 1839 232 1893 vel
254 1857 310 1895 non
331 1840 392 1897 fieri
419 1844 474 1898 diei
500 1845 583 1901 debet
613 1846 734 1916 aliquid,
759 1845 807 1901 ubi
832 1861 924 1916 neque
941 1843 1091 1900 necessitas

187 1941 278 1996 neque
294 1925 457 1997 impotentia
476 1929 628 2002 quidquam
650 1937 799 2001 operantur
826 1931 875 1986 aed
897 1930 1039 1998 voluntao;
1056 1956 1092 1968 —
1170 1953 1175 1962 ·

188 2009 225 2079 ei,
250 2011 377 2082 inquam,
402 2012 443 2067 ita
467 2019 511 2067 est
532 2013 561 2068 in
578 2015 703 2085 homine,
729 2016 815 2071 multo
833 2014 922 2085 magis
941 2011 1091 2067 necessitas
1159 2065 1162 2072 ,

188 2100 238 2149 aut
268 2087 432 2168 impotentia
459 2115 636 2170 nequaquam
666 2099 851 2154 nominandae
878 2105 942 2153 aunt
969 2098 999 2152 in
1020 2097 1092 2168 Deo,

190 2179 237 2251 qui
251 2180 323 2234 nihil
341 2183 394 2236 niai
413 2184 487 2255 qnod
505 2185 567 2239 vult
583 2185 658 2254 faoit,
676 2191 706 2240 et
724 2186 803 2240 euius
823 2184 994 2239 voluntatem
1014 2183 1093 2238 nulla

189 2263 232 2318 via
256 2279 355 2337 eogere
378 2275 427 2323 aut
447 2269 593 2340 prohibere
613 2269 696 2325 valet.
732 2269 779 2323 Ad
796 2269 849 2325 hoe
868 2269 940 2324 enim
958 2269 1047 2325 valuit
1063 2267 1094 2322 in
1112 2271 1148 2324 18

189 2347 299 2405 Christo
315 2351 459 2408 diremitaa
476 2359 637 2410 naturarum
656 2362 684 2411 et
700 2355 791 2410 unitae
804 2371 947 2426 personae,
965 2360 998 2409 ut
1019 2353 1094 2427 quod

190 2451 260 2507 opus
279 2444 340 2493 erat
364 2437 424 2493 fieri
449 2440 486 2494 ad
508 2439 650 2496 hominum
676 2441 902 2496 restaurationem
927 2440 1095 2500 aihumana

190 2541 247 2579 non
263 2527 358 2595 posset
374 2531 487 2596 natine,
510 2525 615 2582 faeeret
636 2526 743 2598 divina,
767 2533 796 2581 et
813 2532 836 2582 el
856 2525 967 2582 divinae
984 2523 1096 2578 minime

151 2627 153 2632 ·
191 2612 363 2681 conveniret,
387 2611 528 2666 exhiberet
546 2611 680 2682 humana;
703 2619 730 2668 et
753 2630 809 2667 non
833 2612 903 2667 aliua
923 2616 1006 2680 atque
1023 2606 1096 2662 aliua

191 2694 241 2748 aed
260 2696 333 2752 idem
349 2697 410 2767 ipae
428 2702 515 2767 esset,
536 2698 585 2770 qui
604 2703 751 2770 utrumque
769 2697 888 2752 exiatena
905 2693 1028 2764 perfecte
1045 2709 1096 2764 per

191 2780 339 2836 humanam
357 2783 475 2838 solveret
500 2783 575 2853 quod
602 2783 652 2838 illa
678 2783 813 2850 debebat,
842 2787 870 2835 et
896 2795 947 2850 per
973 2779 1096 2832 divinam

192 2871 287 2936 posset
302 2867 378 2936 quod
396 2868 567 2939 expediebat.
602 2867 731 2940 Denique
748 2867 836 2938 Virgo
857 2881 928 2936 quae
944 2882 994 2936 per
1012 2863 1096 2918 fidem
1116 2871 1148 2923 19

194 2950 299 3003 munda
316 2951 392 3004 faeta
408 2961 463 3023 eat,
489 2959 520 3008 ut
546 2952 581 3006 de
603 2953 651 3007 illa
667 2958 761 3023 poaeet
778 2952 895 3019 assumi,
919 2963 1096 3020 nequaquam

194 3034 312 3088 eredidit
327 3035 405 3088 illum
425 3053 485 3092 esee
503 3037 664 3092 moriturum
688 3038 742 3091 nisi
763 3037 829 3109 quia
845 3036 941 3101 vellet3
965 3032 1096 3105 quemad·

195 3120 307 3174 modum
328 3136 378 3190 per
399 3123 575 3192 prophetam,
600 3123 648 3193 qui
672 3123 706 3178 de
723 3121 771 3176 illo
790 3121 872 3176 dixit:
902 3118 1029 3188 „oblatus
1046 3125 1097 3187 eat,

195 3205 261 3276 quia
290 3205 350 3276 ipse
380 3205 529 3275 voluit“,²)
561 3207 702 3263 didicerat
765 3206 940 3294 Quapropter
968 3203 1098 3275 quoniam
1114 3203 1148 3254 20

269 3364 293 3430 l)
313 3381 336 3419 o.
357 3370 380 3432 5,
400 3368 414 3419 3
435 3380 475 3433 sq.
529 3364 555 3426 2)
575 3361 639 3416 Ieai.
658 3365 698 3428 53,
718 3366 742 3414 l.

925 3445 940 3496 6
