2636 3806
210 265 252 332 ιε
394 260 421 320 s.
439 257 610 357 mamm
627 257 957 318 CANTUARIRNSIS·

158 431 191 483 14
208 432 265 489 Sed
291 430 415 488 videmus
439 435 567 498 sennua,
602 430 669 500 quia
696 429 773 502 quod
800 428 878 484 Deus
907 427 1116 486 immutabiliter

208 515 282 586 vult,
306 535 361 573 non
383 519 478 588 potest
499 532 555 569 non
578 531 655 584 esse,
681 515 731 570 sed
750 531 862 570 neeesse
880 520 923 570 est
939 532 1006 570 esse.
1043 514 1116 579 Qua·

207 607 321 675 propter
344 601 368 656 si
392 600 470 656 Deus
496 599 585 655 voluit
615 604 647 653 ut
674 599 722 655 ille
749 599 831 655 homo
862 608 1029 672 moreretur,
1059 616 1116 654 non

157 683 190 735 15
206 685 299 758 potuit
318 701 374 739 non
391 686 468 741 mori.
502 687 573 743 Ana.
601 685 644 740 Ex
664 703 705 754 eo,
723 684 790 757 quia
804 685 893 739 Filius
910 685 966 742 Dei
985 683 1116 740 assumsit

197 769 346 827 hominem
374 787 408 825 ea
434 771 578 828 voluntate
604 779 636 827 ut
666 777 833 840 moreretur,
865 769 967 842 probas
997 771 1116 827 eundem

206 856 345 912 hominem
373 874 429 914 non
455 857 579 926 potuisse
605 874 660 911 non
685 856 762 910 mori.
806 859 875 912 Bos.
910 854 955 911 Ita
981 855 1115 928 intelligo.

158 943 190 995 16
207 945 279 998 Ana.
297 941 344 996 An
360 956 417 996 non
435 941 559 996 similiter
582 941 713 1013 apparuit
737 958 771 996 ex
793 941 836 996 his
860 957 930 1012 quae
949 939 1024 995 diota
1041 943 1114 1009 sunt,

153 1097 155 1102 Ι
206 1027 310 1083 Filium
327 1024 381 1081 Dei
404 1029 437 1082 ιι
456 1033 608 1083 assumtum
626 1027 764 1082 hominem
782 1045 866 1082 unam
882 1042 942 1082 esse
959 1027 1114 1096 personam,

207 1118 240 1167 ut
255 1111 330 1166 idem
349 1110 385 1165 sit
402 1109 480 1168 Deus
500 1117 529 1168 et
545 1112 636 1178 homo,
662 1111 737 1168 filius
755 1111 810 1183 Dei
829 1117 858 1166 et
877 1110 1002 1182 Virginis
1020 1109 1114 1164 filius?

133 1197 189 1254 ’17
207 1198 276 1251 Boe.
316 1195 363 1252 sic
387 1203 437 1251 est.
472 1199 542 1252 Am.
579 1197 657 1253 Idem
685 1197 772 1270 igitur
794 1197 876 1252 homo
901 1211 952 1250 sua
972 1193 1115 1250 voluntate

158 1286 190 1338 18
208 1299 263 1337 non
298 1281 389 1354 potuit
424 1299 480 1338 non
513 1281 582 1337 mori
616 1290 645 1339 et
680 1288 806 1338 mortuus
843 1275 893 1337 e'st
954 1281 1022 1338 Boo.
1060 1279 1115 1336 Ne·

206 1383 275 1440 gare
297 1383 412 1439 nequeo.
448 1369 517 1422 Aac.
555 1367 692 1432 Quoniam
719 1385 786 1442 ergo
810 1366 938 1423 vohmtas
956 1364 1011 1420 Dei
1037 1365 1115 1420 nulla

206 1451 371 1508 necessitate
395 1451 464 1508 facit
487 1452 594 1525 aliquid
612 1455 663 1509 sed
688 1471 739 1510 sua
761 1459 911 1525 potestate,
933 1457 962 1506 et
985 1451 1114 1505 voluntas

206 1535 281 1592 illius
308 1537 363 1592 fuit
390 1537 519 1593 voluntas
538 1537 607 1608 Dei,
635 1539 714 1594 nulla
741 1539 906 1605 necessitate
929 1541 1055 1591 mortuus
1073 1540 1116 1590 est

156 1620 189 1673 19
206 1623 256 1677 sed
284 1621 344 1678 sola
373 1640 424 1678 sua
454 1628 599 1692 potestate.
637 1625 705 1678 Bos.
737 1623 1034 1696 Argumentationibus
1059 1623 1114 1678 tuis

206 1706 319 1762 obviare
347 1721 472 1780 nequeot
500 1726 564 1762 nam
590 1726 642 1764 neo
667 1709 870 1780 propositiones
894 1727 963 1780 quaa
985 1709 1115 1782 praemit·

167 1830 168 1834 ,
205 1791 259 1861 tis,
287 1808 340 1846 nee
360 1793 571 1864 consequentias
596 1806 666 1864 quas
690 1793 788 1863 infers,
814 1793 953 1849 ullatenus
976 1791 1115 1848 infirmare

153 1878 188 1930 2⁰
205 1876 291 1932 valeo.
329 1873 385 1932 Sed
401 1881 494 1933 tamen
510 1877 564 1934 hoe
581 1878 649 1933 mihi
674 1896 782 1949 semper
806 1878 925 1934 ooeurrit
947 1878 1023 1952 quod
1042 1879 1113 1932 dixi:

206 1962 320 2036 quiesi
344 1962 428 2020 vellet
454 1979 511 2018 non
530 1962 612 2033 mori,
637 1971 693 2020 non
713 1963 802 2036 magis
821 1964 872 2018 hoo
890 1969 999 2035 posset,
1030 1980 1114 2038 quam

114 2046 116 2054 '
205 2067 261 2104 non
279 2066 339 2106 esse
358 2048 433 2119 quod
449 2055 524 2116 erat;
552 2066 616 2105 vere
632 2065 753 2121 namque
770 2049 919 2104 moriturus
937 2056 1009 2118 erat,
1028 2065 1113 2119 quon·

155 2177 159 2184 .
205 2131 261 2187 iam
279 2132 385 2188 si'vere
402 2150 459 2189 non
477 2133 576 2189 fuisset
594 2135 751 2204 moriturus,
770 2152 827 2189 non
842 2131 942 2189 fuisset
961 2151 1028 2188 vera
1043 2131 1113 2186 fides

205 2217 316 2283 futurae
335 2217 431 2273 mortis
450 2217 523 2288 eius,
545 2236 698 2292 perquam
717 2225 745 2274 et
764 2219 814 2275 illa
830 2219 919 2291 Virgo
938 2218 972 2274 de
991 2234 1047 2290 qua
1064 2235 1113 2273 na·

152 2299 186 2356 21
204 2307 250 2354 tus
267 2308 317 2370 est,
344 2307 371 2354 et
396 2301 444 2356 alii
467 2303 546 2359 multi
572 2306 698 2361 mundati
720 2313 785 2362 sunt
801 2321 819 2360 a
838 2310 963 2376 peceato.
999 2303 1071 2361 Nam
1090 2304 1113 2358 si

151 2389 153 2396 '
205 2402 271 2442 vera
293 2403 351 2442 non
373 2385 486 2458 finisset,
509 2386 580 2444 nihil
601 2391 734 2464 prodesse
758 2390 903 2460 potuisset.
939 2388 1113 2460 Quapropter

205 2469 230 2524 si
248 2470 341 2542 potuit
357 2488 413 2526 non
433 2471 514 2542 mori,
535 2474 628 2546 potuit
653 2475 748 2531 faeere
771 2494 827 2531 non
844 2491 903 2530 esse
922 2489 1018 2527 verum
1038 2473 1112 2544 quod

153 2558 187 2610 22
204 2571 300 2610 venun
325 2562 394 2610 erat.
429 2557 498 2610 Ans.
536 2555 627 2622 Quare
649 2579 745 2616 verum
769 2568 828 2616 erat
853 2565 1002 2631 antequam
1025 2576 1112 2614 more

97 2645 101 2652 ¹
203 2645 292 2710 retur,
321 2640 387 2712 quia
412 2641 561 2696 moriturus
586 2643 663 2697 erat?
705 2647 773 2699 Bos.
809 2629 947 2710 Quoniam
970 2642 1024 2700 hoe
1051 2643 1112 2714 ipse

152 2731 187 2782 23
204 2732 302 2795 sponte
327 2725 415 2782 voluit
441 2731 469 2782 et
497 2725 838 2786 immutabili'voluntate.
872 2731 942 2785 Ana.
980 2729 1011 2786 si
1034 2745 1110 2801 erga,

204 2809 277 2864 sicut
297 2810 379 2881 dien,
404 2811 507 2886 ideireo
524 2830 580 2868 non
597 2813 689 2884 potuit
705 2831 761 2869 non
778 2814 863 2884 mori,
888 2814 1035 2886 quievere
1054 2833 1110 2870 mo·

204 2893 308 2949 riturus
328 2903 397 2964 erat,
423 2901 450 2948 et
469 2896 531 2951 ideo
550 2914 614 2952 vere
633 2905 693 2954 erat
711 2891 870 2970 moriturus,
896 2901 962 2971 quia
980 2899 1033 2955 hoo
1051 2900 1111 2971 ipse

204 2986 302 3051 sponte
330 2985 358 3036 et
382 2979 590 3040 immutabiliter
613 2985 718 3048 voluit3
743 2985 868 3056 sequitur
893 2985 972 3040 illum
994 3002 1049 3041 non
1073 2985 1109 3040 ob

204 3065 281 3122 aliud
308 3083 364 3122 non
396 3065 520 3138 potuisse
556 3085 611 3124 non
646 3069 728 3138 mori,
762 3068 816 3124 nisi
827 3083 835 3144 ᾗ
846 3067 913 3138 quia
943 3069 1110 3124 immutabili

152 3153 188 3206 24
204 3149 347 3207 voluntate
369 3151 458 3207 voluit
479 3151 555 3207 mori.
600 3156 668 3208 Bos.
703 3154 749 3208 Ita
771 3159 827 3221 θοις
851 3155 901 3210 sed
926 3171 1111 3227 quaeeunque

204 3234 290 3290 fuerit
309 3253 401 3307 eausa,
420 3254 517 3292 verum
537 3244 579 3294 est
596 3245 692 3294 tamen
708 3238 775 3309 quia
792 3255 848 3294 non
860 3239 952 3310 potuit
963 3255 1019 3295 non
1031 3240 1109 3309 mori,

153 3324 188 3377 25
206 3324 235 3376 et
251 3335 364 3375 neeesse
381 3320 435 3376 fuit
451 3323 530 3378 illum
547 3323 624 3378 mori.
658 3327 728 3378 Ans.
752 3323 840 3382 Nimis
859 3325 956 3382 haeres
970 3325 1005 3380 in
1023 3325 1109 3394 nihilo
