2636 3806
203 296 208 300 ’
233 287 277 354 90
413 281 443 342 S.
460 281 631 342 ausum
649 281 959 340 cauwaamusls

233 453 473 529 participationem
490 451 679 510 accedendum
702 458 731 508 ct
754 452 891 524 quomodo
908 453 962 509 sub
978 453 1028 508 illa
1044 453 1137 510 viven-

234 539 314 608 dum,
338 554 388 593 nos
413 537 518 609 ubique
537 554 617 592 sacra
634 538 773 609 scriptum
790 539 884 609 docet,
904 555 977 610 quse
993 555 1077 610 super
1094 557 1137 596 so·

233 625 320 680 Iidem
337 621 497 695 veritatem,
520 641 605 695 quam
629 623 780 682 ediuvante
798 623 860 680 Deo
883 622 1058 696 aliquatenus
1074 641 1157 696 pes-v

233 710 383 781 speximm,
401 709 478 764 velut
496 726 579 779 super
589 708 701 767 firmum
710 709 922 765 fundumentum
934 709 1051 766 fundata
1062 713 1137 776 αιῑ)

184 797 215 848 15
233 798 303 850 Bos.
321 795 395 851 Vere
413 793 550 866 quidquid
568 813 652 866 super
666 795 878 852 semdamentum
895 793 949 850 hoc
966 793 1136 864 aedificatur,

183 879 216 936 to
233 899 317 952 super
332 879 441 936 firmum
458 885 567 950 penam
585 880 726 938 tundatur.
760 881 831 936 Ano.
859 879 933 934 Puto
951 898 995 936 me
1012 880 1139 952 aliquan·

232 967 322 1024 tulum
340 965 396 1018 ism
412 970 478 1021 tuae
499 959 666 1020 satisfecisse
681 964 848 1037 quaestioni,
866 965 992 1036 quamvis
1010 964 1065 1022 hoc
1082 981 1138 1020 me·

232 1051 285 1106 lior
303 1066 349 1105 me
367 1049 460 1104 facere
485 1048 595 1118 plenius
611 1049 716 1120 possit,
743 1057 772 1106 et
795 1049 912 1106 maiores
937 1055 1022 1122 etque
1044 1049 1138 1121 plures

233 1152 319 1208 quam
342 1151 435 1192 meum
458 1139 508 1189 aut
530 1135 646 1190 mortale
671 1135 814 1207 ingenium
840 1134 1073 1206 comprehendere
1089 1153 1137 1190 va-

183 1217 214 1276 17
232 1221 304 1288 leet,
331 1220 415 1274 huius
439 1217 480 1274 rei
504 1219 561 1274 sint
583 1220 712 1277 rationes.
743 1220 842 1276 Palam
872 1221 957 1278 etism
984 1227 1040 1290 est,
1069 1220 1137 1291 quia

232 1304 318 1376 Deus,
335 1311 367 1361 ut
385 1303 437 1361 hoc
454 1304 560 1360 faceret
573 1306 647 1378 quod
659 1306 785 1376 diximus,
804 1306 965 1362 nullatenus
975 1305 1137 1378 indigebat3

233 1391 283 1448 sed
311 1393 361 1447 ite*
380 1391 482 1448 veritas
509 1392 688 1448 immutabilis
714 1391 860 1464 exigebam
888 1391 955 1446 licet
983 1391 1058 1446 enim
1084 1391 1139 1447 hoc
1163 1421 1168 1425 ·

233 1477 307 1550 quod
325 1478 407 1533 homo
436 1477 484 1532 illc
505 1477 584 1547 fecit,
607 1477 685 1532 Deus
706 1477 815 1534 dicatur
830 1477 930 1534 fecisse
946 1481 1060 1547 propter
1076 1477 1138 1532 uni·

232 1570 319 1620 tatem
344 1579 493 1634 personae,
519 1563 597 1618 Deus
624 1568 718 1618 tamen
739 1582 796 1620 uon
818 1563 920 1634 egebat
944 1568 977 1618 ut
999 1563 1035 1618 de
1058 1564 1137 1620 coelo

232 1649 412 1704 descenderet
429 1649 466 1702 ad
488 1649 657 1704 ducendum
684 1645 836 1716 diabolum,
861 1664 952 1720 neque
974 1655 1007 1704 ut
1029 1666 1080 1722 por
1095 1650 1138 1704 iu·

232 1733 337 1788 stitinm
362 1738 458 1803 ageret
485 1738 581 1787 contra
608 1730 688 1785 illum
716 1731 754 1785 ad
779 1729 953 1789 liberandum
984 1734 1138 1805 hominem

231 1818 281 1872 sed
299 1817 335 1872 ab
354 1817 465 1872 homine
484 1816 562 1871 Deus
588 1815 730 1887 exigebat,
756 1821 789 1871 nt
813 1817 953 1874 diabolum
969 1819 1092 1876 vinceret
1108 1826 1138 1875 et

232 1904 281 1976 qui
297 1921 348 1976 per
369 1908 516 1974 peccatum
533 1900 626 1955 Deum
644 1899 812 1971 offenderat,
836 1920 887 1972 per
902 1903 1037 1959 iustitium
1056 1904 1137 1959 satis·

182 1995 214 2048 18
231 1990 323 2046 faciat
360 1986 504 2060 Siquidem
521 1985 633 2042 diabolo
655 2002 707 2041 nec
726 1987 803 2042 Dens
821 1987 929 2060 aliquid
946 1989 1066 2046 debebat
1080 1990 1136 2044 nisi

230 2091 363 2148 poenam,
387 2090 439 2131 nec
461 2071 544 2127 homo
566 2070 620 2126 nisi
643 2071 748 2142 vicem,
772 2077 805 2127 ut
828 2073 865 2130 ab
882 2073 931 2129 illo
948 2074 1038 2130 victus
1056 2074 1136 2129 illum

231 2162 395 2228 revinceret3
424 2157 474 2214 sed
500 2156 636 2229 quidquid
660 2157 696 2212 ab
723 2157 771 2213 illo
801 2158 976 2229 exigebatur,
1002 2157 1056 2213 hoc
1075 2157 1137 2212 Deo

233 2245 353 2301 debebat
368 2259 425 2300 non
443 2242 564 2314 diabolo.

202 2448 236 2498 1¹
309 2415 380 2502 20·
431 2448 500 2505 Ans.
537 2447 755 2504 Misericordiam
772 2466 836 2505 vero
855 2446 910 2505 Dei
928 2466 1000 2520 quae
1015 2446 1069 2505 tibi
1087 2466 1136 2521 pe·

232 2535 287 2590 rire
308 2533 465 2601 videbatur,
491 2548 554 2586 cum
576 2532 710 2587 iustitiam
727 2533 782 2588 Dei
805 2538 834 2588 ct
853 2539 998 2605 peccatum
1017 2533 1136 2589 hominis

233 2617 489 2686 considerabamus,
513 2622 571 2670 tum
593 2632 724 2688 magnam
744 2623 858 2691 tamque
879 2619 1042 2675 concordem
1058 2619 1135 2673 iusti·

199 2701 289 2758 dtiae
312 2702 482 2771 invenimus,
507 2708 541 2756 ut
564 2718 615 2757 nec
638 2701 725 2756 maior
749 2719 802 2757 nec
821 2702 919 2760 iustior
939 2703 1056 2775 cogitari
1072 2722 1136 2776 pos·

233 2787 277 2844 sit.
308 2787 416 2858 Nempe
433 2787 501 2860 quid
517 2786 719 2843 misericordius
738 2787 857 2862 intelligi
875 2790 959 2858 valet,
977 2805 1060 2860 quam
1071 2805 1136 2844 cum

232 2873 374 2945 peccatoii
399 2872 540 2928 tormentis
567 2873 686 2929 aeternis
714 2874 844 2931 damnato
869 2880 898 2930 et
919 2874 994 2930 unde
1017 2892 1047 2931 se
1065 2874 1138 2930 redi·

232 3067 257 3118 2.
274 3059 443 3135 [„Peccatori
452 3061 530 3143 Deus
540 3060 626 3143 Patet
637 3061 721 3144 dicit:
739 3063 836 3130 accone
846 3059 1030 3144 Unigenitum
1042 3078 1135 3118 meum

233 3136 261 3186 ot
279 3131 319 3184 da
338 3146 389 3200 pro
406 3137 450 3186 te·
469 3136 521 3186 et1
543 3147 573 3186 se
590 3130 693 3204 Fihus:
718 3131 785 3184 tolle
801 3147 846 3185 me
864 3136 893 3185 et
910 3132 1016 3186 rodomo
1035 3130 1099 3188 te“.

306 3200 330 3266 1)
356 3170 496 3254 cuith.
519 3149 542 3255 f
565 3203 650 3269 c.18‚
679 3203 712 3254 43
738 3204 767 3254 et
792 3215 864 3279 guae
892 3198 933 3254 ibi
958 3216 991 3255 ex
1014 3199 1048 3281 S..
1100 3241 1136 3281 .·

231 3265 506 3408 ggffiadgttgongff
519 3272 590 3394 {at
615 3284 640 3322 c.
665 3266 714 3322 lib.
740 3266 837 3323 arbitr.
865 3273 894 3324 et
919 3267 1050 3325 Eadmen
1077 3267 1136 3325 bso-

503 3354 521 3394 a
