2636 3806
221 291 269 358 238
407 287 434 344 s.
451 285 621 344 suerunt
639 283 946 344 OAMUAROENSIS

228 460 277 510 aut
295 454 362 527 quia
377 455 485 510 tamdiu
504 460 585 511 erunt
601 455 707 526 populi,
724 455 813 511 donee
827 471 957 511 numerus
971 455 1134 527 angelorum

179 537 211 590 5³
228 541 282 597 Dei
306 541 478 612 compleatur
501 557 536 597 ex
558 541 724 596 hominibus.
759 540 796 595 Et
818 541 871 596 hoe
898 557 954 595 une
973 541 1033 596 sole
1051 541 1134 597 modo

228 627 328 698 exponi
344 643 426 696 posse
441 626 536 681 video:
562 626 702 682 constituit
721 626 852 680 terminos
865 627 1039 696 populorum
1055 627 1136 681 dueta

124 769 130 784 ,
229 730 371 768 araneam
388 711 518 782 firtonum
536 711 646 775 Israel,
672 710 702 766 id
723 716 776 780 est,
801 711 869 781 quia
889 710 975 779 (sieut
989 728 1075 783 supra
1094 711 1135 766 di·

230 805 306 854 etum
325 801 377 864 est)
396 795 503 851 tamdiu
520 801 601 852 erunt
618 796 715 867 populi
734 795 764 850 in
780 796 833 851 hoe
846 797 966 867 saeculo,
983 798 1073 854 donee
1084 815 1135 853 uu·

180 882 214 933 54
229 901 322 940 merus
344 887 503 937 saneterum
524 881 667 936 hominurn
689 888 853 938 assumatur.
887 883 925 938 Et
943 882 1084 955 colligitur
1101 901 1137 939 ex

229 976 349 1040 utraque
364 967 559 1034 translafiene‚
585 966 651 1036 quia
668 972 711 1022 tot
730 967 856 1024 homines
874 974 1050 1024 assumentur
1067 976 1138 1041 quot

158 1079 162 1087 ¹
230 1059 420 1110 remanserrmt
436 1050 536 1124 angeli
571 1051 655 1107 Unde
678 1057 771 1110 tamen
796 1070 852 1108 nen
876 1053 1014 1124 sequitur,
1040 1071 1137 1127 quarn·

230 1139 273 1193 vis
297 1137 400 1208 perditi
423 1136 517 1208 angeli
543 1153 576 1193 ex
599 1136 757 1194 hominibus
785 1138 959 1197 restaurandi
983 1143 1061 1208 eunt,
1093 1144 1137 1196 tot

181 1223 213 1274 55
231 1223 510 1294 angelos.eeeidisee
539 1229 607 1295 quot
635 1231 890 1293 perseveraverunt
931 1223 1012 1288 Quod
1042 1230 1138 1280 umen

166 1317 170 1324 “
231 1310 255 1364 si
284 1308 401 1380 dieitur,
426 1309 623 1366 inveniendum
650 1308 715 1379 erit,
742 1310 880 1381 quomodo
902 1315 980 1364 ratae
1003 1326 1059 1364 non
1081 1309 1140 1372 sint

231 1411 315 1466 supra
342 1395 451 1466 poeitae
476 1395 613 1464 rationes,
648 1410 720 1466 quae
750 1393 879 1450 videntur
903 1394 1050 1450 ostendere
1080 1412 1138 1450 non

215 1482 317 1538 ¹luisse
339 1482 369 1539 in
393 1482 512 1555 angelis,
536 1481 613 1552 prius
635 1497 719 1551 quam
736 1479 846 1534 illorum
865 1479 979 1550 quidam
997 1481 1138 1551 caderent,

230 1568 311 1624 illum
336 1567 490 1640 perfeetum
515 1582 659 1622 numerum
683 1583 766 1636 quem
789 1581 874 1635 supra
897 1565 969 1635 dixi,
994 1571 1023 1620 et
1042 1565 1138 1636 plures

182 1661 215 1711 56
231 1651 355 1707 homines
367 1651 469 1706 eleetos
480 1651 589 1706 futuros
603 1666 687 1721 quam
699 1648 756 1702 sint
767 1647 834 1702 mali
848 1649 949 1720 angeli.
983 1653 1054 1705 Boe.
1073 1651 1139 1708 Non

232 1753 276 1792 me
294 1734 422 1806 poenitet
436 1735 503 1805 quia
524 1735 605 1807 coegi
625 1741 668 1799 te,
692 1739 725 1788 ut
744 1733 780 1787 de
801 1733 908 1804 angelis
927 1734 998 1791 haee
1016 1735 1138 1802 dieeres3

232 1837 298 1875 nam
325 1835 381 1876 non
406 1817 510 1876 frustra
537 1820 642 1877 laetum
673 1825 723 1876 est
757 1819 840 1876 Nune
864 1819 924 1875 redi
949 1820 986 1874 ad
1008 1819 1041 1875 id.
1062 1821 1139 1876 unde

234 1905 353 1979 egressi
369 1921 473 1961 suma.
490 1971 491 1974 Ν

201 2157 214 2209 1
317 2127 386 2216 wo
429 2163 500 2219 Aac.
521 2161 638 2218 Constat
648 2160 741 2216 Deum
753 2161 938 2232 proposuisse,
956 2167 988 2216 ut
1001 2161 1039 2239 de
1053 2161 1140 2218 hemi-

234 2245 316 2302 uibus
338 2247 453 2318 angelos
472 2249 521 2320 qui
540 2247 700 2304 ceciderant
719 2251 895 2303 restauraret.
929 2248 997 2304 Boe.
1026 2246 1140 2303 Certum

200 2335 286 2390 ieet.
320 2331 390 2386 aaa
407 2332 490 2388 Tales
518 2351 584 2405 ergo
610 2337 719 2404 eportet
737 2349 799 2388 esse
815 2331 939 2389 homines
958 2333 989 2387 in
1005 2331 1057 2388 illa
1074 2334 1142 2388 eivi-

234 2421 293 2472 tate
310 2431 432 2486 superna
449 2416 497 2486 qui
515 2432 566 2486 pro
585 2417 692 2488 angelis
713 2417 744 2473 in
765 2418 843 2471 illam
862 2405 1049 2488 assumentur,
1073 2436 1141 2492 qua·

233 2500 276 2556 les
294 2501 337 2556 illi
360 2499 448 2556 futuri
472 2500 513 2554 ibi
540 2507 632 2571 erant,
657 2519 708 2573 pro
732 2502 833 2573 quibus
854 2501 958 2558 ibidem
981 2511 1063 2560 erunt
1077 2505 1096 2560 i.
1116 2522 1140 2562 e.

172 2593 173 2600 ’
235 2587 333 2660 quales
359 2603 434 2640 nune
458 2592 523 2640 eunt
545 2585 612 2642 beni
638 2586 745 2658 angeli;
768 2586 891 2657 alioquin
915 2605 971 2643 non
996 2596 1078 2645 erunt
1099 2608 1141 2648 re·

235 2672 352 2728 staurari
373 2671 421 2744 qui
438 2671 610 2739 oeciderunt,
632 2677 660 2726 et
677 2677 819 2742 sequetur,
838 2670 906 2742 quia
921 2673 999 2730 Deus
1018 2681 1140 2731 autnon

235 2759 340 2829 poterit
369 2757 502 2830 perticere
529 2756 633 2812 bonum
663 2757 740 2828 quod
759 2756 878 2828 ineepit,
911 2765 961 2814 aut
987 2760 1142 2830 poenitebit

236 2859 300 2900 eum
322 2850 432 2898 tantum
456 2843 560 2898 bonum
584 2841 736 2913 incepisse
761 2859 833 2914 quae
855 2843 911 2900 due
927 2845 1051 2902 absurda
1067 2850 1140 2902 sunt.

204 2927 219 2980 3
235 2931 305 2984 Bur.
333 2927 408 2984 Vere
425 2934 534 2997 oportet
547 2934 580 2983 ut
596 2928 727 3000 aequales
743 2928 800 2984 siut
816 2928 941 2985 homines
958 2931 1038 2987 bonis
1056 2947 1141 3004 ange·

236 3012 280 3069 lis
322 3013 393 3068 Am.
427 3011 500 3067 Boni
526 3014 621 3086 angeli
646 3030 806 3086 unquamne
832 3016 1037 3086 peoeaverunt?
1072 3017 1142 3072 Boe.

203 3101 221 3152 4
237 3099 308 3155 Non
343 3099 413 3154 Ana.
430 3098 551 3155 Potesne
572 3099 711 3171 rogitare,
731 3100 807 3171 quod
822 3099 905 3156 homo
925 3099 974 3170 qui
991 3100 1142 3171 aliquando

219 3185 365 3253 'peccavit
392 3202 444 3242 nee
458 3257 461 3260 Ι
474 3201 597 3258 unquam
619 3182 682 3240 Dee
702 3203 762 3258 ,pro
784 3193 900 3258 peceato
924 3201 975 3240 suo
999 3185 1143 3255 satisfecit,

214 3269 287 3332 ,red
302 3276 412 3327 tantum
429 3271 582 3343 impunitus
603 3270 761 3339 dimittitur,
779 3271 903 3342 aequalis
921 3270 958 3326 sit
974 3271 1075 3341 angele
1094 3270 1143 3340 qui

94 3426 115 3442 .
204 3361 377 3427 5nunquam
395 3357 542 3428 peccavit?
577 3359 644 3411 Bor.
679 3355 775 3411 Verba
792 3354 847 3410 ista
864 3353 988 3424 cogitare
1005 3360 1034 3410 et
1050 3353 1143 3410 dieere
