2636 3806
378 293 457 351 our
474 291 576 352 neus
593 292 710 350 noue.
745 291 768 348 1.
788 297 854 350 ιι.
891 297 894 304 ·
1047 295 1069 362 3

158 463 217 522 leat
248 462 380 533 evellere,
406 480 425 519 a
449 470 478 520 te
504 469 571 534 peto
598 463 665 520 mihi
690 462 803 535 aperiri,
830 462 919 535 quod,
945 469 979 520 ut
1006 463 1068 533 aeis,

159 548 255 620 pluras
282 565 391 604 meeum
417 555 532 620 petsmt:
565 565 622 621 qua
648 549 814 606 nenessitate
837 547 946 606 seilicet
971 556 1000 605 et
1024 563 1067 604 ra·

158 634 235 690 tione
252 633 338 706 Deus,
359 653 423 692 eum
442 634 479 690 sit
495 633 686 705 omnipotens,
704 633 890 690 humilitatem
908 639 937 688 et
954 633 1067 690 infirmi·

159 723 246 774 tatem
281 719 419 776 humanae
457 725 574 776 natiuae
609 737 660 790 pro
696 718 755 776 eius
790 719 992 776 restauratione
1023 737 1066 774 ae·

158 802 309 859 sumserit?
350 804 508 862 Amelmea.
549 805 631 872 Quod
656 805 768 876 quaeris
790 820 808 859 a
830 821 889 874 me,
914 820 999 874 supra
1021 810 1099 860 med

157 893 213 958 est,
237 889 385 946 etidcirco
403 891 500 948 altiora
516 909 561 948 me
578 896 700 947 naama
715 889 816 959 timeo,
841 905 877 944 ne
894 889 980 960 forte,
1001 905 1066 944 eum

157 973 299 1044 putaverit
322 982 372 1031 aut
396 977 480 1032 etiam
505 976 608 1034 viderit
633 974 735 1045 aliquis
759 990 805 1028 me
829 991 887 1029 non
910 973 965 1030 sibi
987 973 1066 1028 satis·

157 1057 258 1130 faeere,
281 1060 345 1132 plue
363 1063 501 1118 subtimet
515 1062 557 1120 rei
577 1061 722 1118 veritatem
737 1059 805 1114 mihi
822 1058 956 1130 deficere,
981 1076 1066 1131 quam

157 1142 330 1202 intellectum
368 1163 459 1203 meum
492 1148 528 1202 ad
559 1163 621 1202 eam
649 1145 816 1217 capiendam
842 1161 899 1208 nen
928 1142 1065 1200 sufficere.

156 1231 225 1284 Bos.
251 1229 315 1286 Non
333 1231 386 1288 hoo
408 1239 519 1288 tantum
543 1232 642 1287 timere
659 1231 758 1300 debes,
785 1235 921 1302 quantum
940 1235 969 1286 et
984 1229 1100 1284 remi-4

156 1315 242 1382 uisci,
271 1317 337 1388 quia
363 1335 448 1389 saepe
477 1317 614 1388 contingit
638 1316 669 1370 in
693 1315 876 1385 colloquendo
907 1315 944 1372 de
970 1314 1066 1386 aliqua

159 1402 329 1474 quaestione,
347 1407 379 1458 ut
395 1401 473 1458 Deus
492 1401 601 1472 aperiat
619 1402 695 1474 quod
713 1400 790 1471 prius
813 1399 934 1470 latebat,
959 1406 988 1455 et
1004 1417 1066 1471 spe·

155 1486 277 1545 1arede
301 1487 395 1561 gratia
409 1486 481 1552 Dei,
507 1487 585 1559 quia,
614 1486 638 1540 si
659 1503 693 1541 ea
718 1501 790 1556 quae
812 1483 899 1555 gratis
925 1484 1065 1556 accepisti,

157 1572 278 1630 libenter
303 1571 468 1645 impartiris,
496 1571 597 1629 altiora
624 1572 662 1626 ad
691 1586 763 1643 quae
787 1569 912 1626 nondum
938 1569 1063 1641 attigisti,

155 1657 305 1712 mereberis
331 1658 467 1728 aooipere.
502 1663 571 1713 Ana.
606 1655 660 1712 Est
684 1663 712 1712 et
735 1655 826 1723 eliud,
850 1660 965 1727 propter
988 1649 1097 1726 quod⁵

62 1737 63 1740 ’
157 1741 239 1798 video
257 1749 306 1798 aut
322 1744 369 1798 vix
387 1749 437 1798 aut
460 1743 619 1798 mullatenus
642 1759 725 1814 posse
741 1739 908 1812 adplenum
923 1739 996 1794 inter
1012 1756 1064 1794 noe

159 1825 195 1880 de
215 1826 269 1882 hae
286 1844 317 1882 re
333 1846 409 1884 nuno
424 1829 555 1898 tractari,
574 1828 706 1899 quoniam
724 1826 761 1882 ad
777 1826 831 1882 hoe
848 1831 891 1880 est
908 1825 1065 1882 necessaria

156 1911 258 1966 notitia
275 1913 422 1982 potestatis
438 1913 612 1970 necessitatis
628 1912 780 1970 voluntatis
786 1915 806 1981 ¹)
826 1914 854 1966 et
865 1910 983 1964 aliarum
997 1925 1064 1981 qua·

157 1995 277 2050 tundam
294 2015 394 2069 rerum,
413 2017 485 2070 quae
504 1999 545 2054 eie
563 2017 593 2055 se
610 2000 728 2068 habant,
746 2004 888 2054 uteorum
907 1994 986 2048 nulla
1001 2011 1064 2064 pos-

156 2081 194 2134 sit
209 2079 291 2152 plene
308 2082 367 2139 sine
390 2085 453 2138 aliis
477 2085 665 2153 considerari,
687 2090 716 2140 et
732 2082 796 2138 ideo
814 2084 949 2136 tractatus
967 2095 1063 2134 earum

154 2182 237 2220 suum
259 2182 329 2236 opus
351 2167 473 2237 postulat
499 2185 556 2222 non
580 2169 711 2238 multum,
737 2174 770 2222 ut
796 2170 878 2237 puto,
902 2164 985 2219 facile
1010 2181 1062 2220 nee

154 2250 267 2306 omnino
290 2251 405 2324 inutile,
435 2269 501 2308 nam
524 2270 619 2308 amum
645 2249 808 2324 ignorantia
832 2250 969 2320 quaedam
992 2249 1063 2306 faoit

154 2335 289 2400 difficilia,
308 2354 380 2407 quae
397 2356 448 2408 per
466 2337 701 2393 earumnotitiam
716 2334 899 2390 fiunsfaeffia
925 2337 995 2394 Boe.
1014 2336 1060 2392 Sie
1079 2337 1096 2387 6

153 2421 276 2480 breviter
293 2422 328 2478 de
347 2422 390 2477 his
406 2423 465 2478 suis
483 2423 553 2478 loeis
571 2422 663 2478 dieere
680 2420 791 2493 poteris,
818 2426 850 2475 ut
867 2427 895 2476 et
911 2422 987 2493 quod
1004 2421 1060 2476 suf·

154 2506 233 2562 ficiat
250 2507 288 2561 ad
312 2524 445 2579 praesens
469 2525 539 2578 opus
556 2507 721 2576 habeamus,
744 2513 773 2562 et
792 2504 867 2577 quod
885 2505 949 2576 plus
968 2506 1061 2562 dioen-

155 2591 222 2650 dum
240 2598 283 2648 est
299 2593 330 2648 in
347 2593 425 2650 aliud
443 2600 553 2664 tempus
573 2593 741 2650 differamus.
776 2591 844 2646 Am.
869 2589 932 2646 Hoo
949 2607 1061 2663 quoque
1079 2591 1094 2643 7

154 2679 272 2734 multum
289 2697 333 2735 me
357 2679 475 2736 retrahit
495 2679 664 2750 apetitione
686 2684 749 2748 tua,
777 2677 843 2748 quia
865 2676 982 2732 materia
1004 2695 1067 2738 nou¹

154 2763 245 2818 solum
266 2765 399 2835 pretiosa,
423 2765 475 2820 sed
500 2764 574 2821 siout
599 2769 642 2820 est
661 2764 696 2818 de
714 2760 839 2832 speciosa
857 2759 975 2829 forma²)
994 2778 1063 2832 prae

153 2845 219 2902 filiis
238 2847 394 2918 hominum,
416 2849 457 2904 sie
487 2848 571 2905 etiam
594 2855 637 2904 est
656 2847 692 2902 de
711 2846 839 2917 speciosa
855 2845 962 2904 ratione
978 2863 1063 2917 super

154 2930 310 2988 intellectus
321 2934 478 3003 hominum,
497 2934 573 2990 unde
590 2933 682 3001 timeo,
699 2949 744 3000 ne,
761 2929 995 3002 quemadmodum
1009 2946 1062 3000 ego

154 3016 230 3071 soleo
247 3017 387 3090 indignari
408 3019 501 3090 pravie
525 3017 693 3091 pictoribus,
715 3032 779 3070 eum
802 3015 894 3086 ipsum
910 3013 1062 3070 Dominum

153 3106 279 3156 nostrum
302 3102 412 3159 informi
434 3103 525 3176 figura
544 3103 625 3176 pingi
642 3102 738 3172 rideo,
766 3101 807 3156 ita
825 3099 893 3156 mihi
910 3097 1061 3168 contingat,

223 3260 250 3320 h)
266 3257 415 3327 potestatis
433 3266 458 3312 et
475 3255 646 3312 necessitati-s
666 3263 692 3310 et
708 3251 860 3309 veternosis
876 3247 1016 3328 AabeB
1029 3247 1061 3306 C.

221 3329 250 3394 2)
270 3326 511 3396 opacioooforma
526 3326 610 3382 Aba
626 3324 651 3382 0
668 3323 693 3378 Ε
710 3323 770 3380 Fa

868 3409 904 3460 1⁸
