2636 3806
360 225 1161 377 ψωωωώιω,

168 443 383 514 ,satisfacienda
411 448 443 500 ut
459 443 548 516 magis
566 461 596 502 ss
613 462 669 504 nou
686 445 774 521 possit
792 445 877 507 dare?
910 439 981 505 'Bou
1009 447 1081 510 Non

177 533 221 584 est
240 528 346 604 aliquid
364 528 563 588 rationabilius
597 532 667 590 Aac.
685 529 763 590 Nihil
780 536 872 592 autem
891 530 1014 602 asperius
1033 538 1082 596 aut
1098 535 1130 587 21

167 613 320 682 ,officilius
344 620 436 686 petest
458 615 540 674 homo
564 614 603 674 ad
623 615 758 692 bonorem
782 615 836 678 Dei
858 612 957 686 sponte
973 621 1002 672 et
1024 634 1081 678 non

177 716 212 754 ex
233 699 326 755 debito
342 700 402 771 pati
420 717 503 772 quam
522 706 646 770 mortem,
660 707 690 757 et
709 689 867 768 hullatenus
887 698 1007 772 seipsum
1018 707 1080 772 pot·

177 791 220 839 est
242 783 324 840 homo
348 785 438 858 magis
461 784 528 842 dare
544 785 619 854 Deo,
644 803 728 858 quam
750 803 814 841 cum
836 803 866 842 se
887 785 970 840 morti
993 783 1081 840 tradit

176 867 213 931 ad
228 867 360 927 honorem
377 869 460 931 illius.
495 873 563 926 Bos.
602 871 677 930 Vera
697 878 764 932 sunt
787 870 879 926 omnia
897 870 975 944 haec.
1009 872 1079 928 Ans.
1092 871 1130 923 22

177 951 274 1010 Talem
293 972 360 1027 ergo
378 963 486 1027 oportet
503 974 567 1014 eum
583 973 657 1024 esse,
681 954 730 1026 qui
750 972 804 1029 pro
827 961 944 1026 peccato
961 954 1078 1010 hominis

175 1039 336 1096 satisfacere
358 1040 444 1110 volet,
466 1046 499 1096 ut
520 1041 590 1097 mori
611 1040 700 1113 possit
727 1040 751 1096 si
774 1039 849 1097 velit
884 1044 952 1098 Boe.
988 1039 1079 1098 Video
1095 1044 1130 1102 23

176 1125 314 1182 hominem
330 1125 410 1183 illum
423 1125 517 1197 plane,
536 1143 618 1198 quem
635 1126 801 1198 quaerimus,
817 1125 901 1183 talem
919 1136 982 1184 esse
1000 1141 1079 1198 opor·

176 1216 247 1281 tere,
276 1211 325 1284 qui
353 1227 404 1286 nec
433 1229 467 1270 ex
498 1211 662 1268 necessitate
692 1210 838 1280 moriatur,
864 1199 1080 1281 ,quoniam'eu‘t

175 1296 364 1367 omnipotem3
396 1314 448 1354 nec
481 1313 515 1352 ex
545 1296 650 1368 debito,
682 1297 748 1369 quia
778 1313 920 1366 nunquam
949 1301 1079 1368 peccator

165 1381 240 1452 'erit;
259 1388 288 1439 et
304 1382 373 1442 mori
384 1382 474 1453 possit
485 1400 519 1440 ex
536 1383 624 1440 libera
641 1383 792 1452 voluntate,
811 1379 878 1451 quia
894 1381 1078 1439 necessarium

174 1467 232 1522 erit
267 1469 337 1524 Ana.
373 1467 444 1524 Sunt
466 1476 494 1524 et
520 1468 575 1526 alia
600 1469 703 1538 multa,
724 1485 774 1524 cur
796 1483 859 1522 eum
881 1463 963 1518 valde
979 1481 1077 1530 conve·
1094 1460 1129 1514 ²4

172 1553 231 1608 niat
245 1552 398 1611 bominum
425 1552 633 1610 similitudinem
659 1560 687 1609 et
710 1549 945 1626 conversationem
971 1548 1076 1621 absque

169 1643 287 1709 peceato
306 1635 423 1706 habere,
448 1653 519 1708 quae
542 1638 650 1694 facilius
679 1643 707 1695 et
733 1636 835 1694 clarius
857 1649 908 1705 per
933 1638 1076 1703 separent

171 1721 203 1778 iu
220 1722 279 1780 eius
296 1722 354 1776 vita
370 1729 399 1778 et
416 1723 560 1794 operibus,
585 1743 669 1796 quam
685 1724 762 1780 velut
778 1727 843 1780 ante
860 1719 1076 1790 experimentum

176 1806 237 1860 sola
263 1806 369 1862 ratione
398 1811 546 1866 monstrari
575 1811 689 1883 possint.
745 1808 813 1874 Quis
845 1804 918 1862 enim
948 1803 1075 1882 explicet,
1089 1803 1125 1857 2⁵

175 1907 259 1974 quam
278 1894 442 1964 necessarie,
470 1911 554 1965 quam
579 1893 718 1966 sapienter
744 1893 850 1948 factum
872 1891 948 1959 sit,¹)
973 1896 1004 1944 ut
1028 1888 1076 1944 ille

156 1974 224 2046 ¹qui
248 1975 369 2034 homines
391 1987 450 2038 arat
474 1980 648 2038 redemturus
671 1984 700 2033 et
722 1977 758 2032 de
777 1976 824 2030 via
845 1974 941 2030 mortis
964 1979 993 2028 et
1012 1990 1074 2043 per·

173 2060 285 2116 ditionis
304 2061 339 2116 ad
362 2061 435 2122 riam
458 2063 532 2118 vitae
556 2070 584 2120 et
604 2060 790 2120 beatitudinis·
804 2065 931 2116 aeternae
950 2057 1074 2113 docendo
1095 2097 1098 2104 ι

167 2147 345 2218 reduceres,
362 2165 426 2204 cum
443 2149 600 2204 hominibus
616 2152 823 2204 conversaretur
840 2149 869 2199 et
884 2143 913 2198 in
931 2142 993 2214 ipsa
1010 2158 1073 2196 eon·

169 2232 338 2303 versatione,
365 2250 429 2288 cum
448 2251 495 2290 eos
513 2235 624 2290 doceret
642 2231 727 2288 verbo
746 2227 865 2303 qualiter
880 2229 973 2284 vivere
991 2225 1072 2282 debe·

135 2359 138 2366 ,
169 2324 246 2386 rent,
270 2318 390 2390 seipsum
414 2320 569 2391 exemplum
593 2315 757 2389 praeberet?
793 2313 957 2383 Exemplum
980 2318 1073 2367 autem
1089 2304 1123 2356 2⁶

167 2403 291 2474 seipsum
310 2405 448 2475 quomodo
466 2405 545 2460 daret
563 2402 677 2460 infirmis
690 2407 718 2456 et
729 2399 899 2469 mortalibus,
917 2405 949 2454 ut
958 2403 1092 2470 propter.

169 2487 283 2545 iniurias
307 2497 357 2544 ant
381 2489 561 2546 contumelias
584 2491 633 2542 aut
656 2486 763 2542 dolores
783 2483 836 2539 but
859 2488 974 2539 mortem
997 2481 1072 2536 aiu·

168 2575 246 2630 stitia
262 2592 319 2630 non
335 2575 506 2644 recederent,
533 2573 557 2626 si
583 2571 675 2643 ipsum
698 2572 767 2630 haec
789 2569 881 2625 omnia
897 2567 997 2623 sentire
1016 2582 1071 2620 non
1094 2613 1099 2619 .

166 2660 367 2738 agnoscerent?

247 2833 316 2918 12·
364 2868 431 2920 Bos.
471 2863 662 2922 Omniabaee
685 2862 811 2930 patenter
833 2855 984 2912 ostendunt
1007 2857 1101 2912 euml
1159 2839 1160 2845 ἵ

164 2949 312 3005 mortalem
332 2955 363 3005 et
388 2949 621 3006 incommodorum
644 2951 800 3001 nostrorum
823 2940 988 3011 participem
1010 2954 1070 2994 esse

164 3041 302 3106 oportere.
339 3035 394 3091 Sed
417 3035 486 3089 haec
509 3032 601 3086 omnia
623 3030 748 3086 miseriae
763 3032 873 3082 nostrae
890 3031 968 3093 sunt3
990 3041 1068 3078 num·

162 3121 236 3192 quid
251 3138 319 3194 ergo
335 3121 418 3178 miser
437 3118 508 3176 erit?
542 3118 611 3172 Aac.
645 3117 841 3186 Nequaquam
863 3128 928 3169 nam
941 3110 1013 3164 sicut
1030 3109 1101 3166 adl

236 3329 388 3400 llfactem
406 3319 662 3381 estAabeBD.
802 3385 803 3390 ἵ
872 3407 909 3454 5*
