2636 3806
231 305 273 370 92
393 303 421 361 s.
440 299 609 360 Ausum
630 299 767 356 (21).st
802 299 839 356 IL
860 303 902 356 21.
922 302 964 356 m.

194 472 413 542 Soonvinoitur,
445 471 511 543 quia
540 470 741 528 rationabiliter
771 470 916 542 decipitur.
961 469 1042 534 Quos
1070 487 1127 526 non

127 570 133 582 ·
227 557 303 629 dieo,
334 557 413 630 quasi
438 556 559 629 pretium
585 556 680 612 mortis
705 558 763 613 sius
789 557 915 614 omnibns
937 554 1081 611 hominum
1100 563 1128 612 et

195 663 201 682 ¹
226 644 387 717 angelorum
420 641 543 714 peccatis
572 658 623 696 sna
651 639 843 712 magnitudine
874 657 930 696 non
959 641 1128 713 praevaleat,

226 728 423 801 sedquoniam
445 722 615 799 perditorum
639 727 799 798 angelorum
822 726 984 783 relevationi
1000 726 1128 782 immuta·

226 815 291 872 bilis
308 815 379 870 ratio
395 818 541 886 repugnet
717 816 721 824 '

140 967 144 974 ’
194 999 207 1050 1
303 970 372 1079 222
419 1003 488 1056 Boe.
516 997 704 1056 Rationabilis
725 999 872 1071 atquibus
889 997 957 1054 nim
975 998 1129 1053 sunaus

105 1091 110 1108 “
226 1086 330 1158 possit,
357 1103 429 1158 quae
456 1086 524 1140 diois
552 1084 644 1140 omnia
669 1084 736 1138 mihi
762 1085 907 1156 videntur;
933 1089 962 1140 et
977 1101 1027 1155 per
1046 1084 1128 1138 unius

227 1163 396 1245 quaestionis
419 1187 503 1244 quam
526 1170 719 1243 proposuimus
741 1170 918 1234 solutionem,
944 1167 1080 1239 quidquid
1098 1167 1128 1222 in

202 1281 203 1285 ¹
226 1275 298 1314 novo
328 1255 468 1328 veterique
495 1255 672 1312 Testamento
699 1255 856 1312 continetur
878 1253 1026 1326 probatum
1049 1251 1128 1308 intel·

192 1345 209 1395 2
226 1343 291 1415 ligo.
326 1342 396 1398 Cum
417 1342 490 1398 enim
515 1340 673 1412 sieprobes
690 1340 857 1396 Deumfieri
876 1339 1064 1396 hominemex
1080 1353 1128 1393 ns·

226 1429 365 1498 cessitate,
381 1434 414 1483 ut
433 1427 516 1482 etiam
533 1426 557 1481 ei
576 1433 767 1483 removeantur
783 1443 875 1497 panea
894 1442 965 1497 quae
979 1425 1015 1478 de
1027 1423 1127 1480 nostris

226 1514 305 1570 libris
330 1513 447 1585 posuisti
472 1515 515 1580 (ut
542 1511 617 1584 quod
642 1512 677 1568 de
702 1511 791 1568 tribus
819 1511 943 1582 personis
961 1509 1015 1565 Dei
1040 1515 1069 1565 et
1092 1510 1127 1566 de

225 1601 318 1655 Adam
340 1597 469 1670 tetigisti)
493 1613 549 1652 non
573 1598 663 1653 solnm
684 1599 797 1654 Iudaeis
823 1599 873 1653 sed
898 1595 982 1652 etiam
1005 1594 1128 1668 Paganis

226 1686 286 1740 sola
302 1683 410 1739 ratione
428 1682 599 1752 satisfaciam
619 1687 648 1737 et
666 1683 725 1756 ipse
744 1684 818 1738 idem
829 1683 907 1740 Deus
927 1681 1009 1738 homo
1026 1697 1128 1736 novum

227 1771 330 1826 condat
346 1772 540 1823 testamentum
561 1773 589 1821 et
605 1771 684 1820 vetus
704 1768 854 1838 approbetz
883 1764 956 1823 siout
972 1767 1065 1837 ipsum
1081 1783 1127 1822 ve·

225 1871 319 1910 racem
338 1868 399 1907 esse
414 1865 528 1906 necesse
550 1856 592 1906 est
613 1851 752 1921 confiteri,
777 1852 817 1906 ita
840 1852 910 1908 nihil
934 1850 1009 1923 qnod
1025 1850 1055 1906 in
1072 1849 1127 1904 illis

192 1941 398 2008 esontinemr,
434 1951 530 1991 verum
558 1951 618 1990 esse
648 1941 740 2006 potest
769 1936 870 2008 aliquis
903 1937 1023 1992 diffiteri,
1058 1936 1126 1990 Am.

226 2025 341 2097 Siquid
361 2021 479 2076 diximus
507 2019 582 2092 quod
603 2021 797 2092 corrigendum
815 2022 865 2092 sit,
888 2040 944 2078 non
966 2038 1052 2076 renuo
1068 2037 1127 2076 oor-

224 2110 388 2177 rectionem,
411 2107 435 2161 si
451 2105 653 2161 rationabiliter
669 2106 708 2162 fit.
750 2105 780 2163 si
797 2113 891 2162 autem
907 2107 1063 2163 testimonio
1081 2123 1126 2162 ve·

224 2195 314 2251 nitatis
339 2193 500 2260 roboratur,
526 2191 601 2262 quod
623 2207 674 2246 nos
695 2191 896 2248 rationabiliter
920 2191 1059 2247 invenisse
1082 2210 1126 2250 sx-

124 2277 126 2282 ’
225 2281 392 2344 istimamus,
416 2275 478 2333 Deo
500 2293 557 2332 non
575 2277 655 2332 nobis
673 2275 823 2333 attribuere
842 2277 987 2348 debemus,
1011 2277 1066 2344 Qui
1085 2276 1138 2334 est

225 2367 389 2422 benedictus
406 2363 435 2419 in
453 2361 571 2420 saecula
608 2362 707 2417 Amen.
