2636 3806
386 315 466 374 003
481 315 583 374 DEUS
600 313 719 373 HOMO.
754 313 776 372 Ι.
795 321 822 372 7.
840 319 866 371 8.
1042 315 1081 381 11

174 487 224 545 sed
248 487 313 545 Dei.
346 487 424 543 Iusto
447 503 569 560 numque
592 487 696 543 iudicio
724 487 779 542 Dsi
803 485 944 540 decretum
968 492 1028 542 erut
1055 490 1085 542 et
1103 485 1134 540 16

175 574 255 648 quesi
274 573 458 645 chirographo
474 568 674 644 confirmatum,
694 578 727 628 ut
746 573 828 627 homo
840 571 889 642 qui
905 578 1003 643 sponte
1017 585 1083 642 poe·

174 666 295 724 caverat,
315 677 368 714 nec
384 665 531 731 peccatum
550 674 602 733 neo
620 676 738 731 poenum
755 656 865 730 peceati
882 675 933 727 per
949 675 980 713 se
992 657 1083 714 vitare

172 752 282 818 posset3
306 752 351 800 cst
376 745 449 800 enim
473 744 595 816 spiritus
611 745 716 800 vadens
743 751 770 799 et
793 759 850 797 non
875 741 1030 812 rediens31)
1054 748 1084 799 et

173 833 224 902 osee·
240 833 321 900 fucit
342 838 502 901 peccatum,
528 834 623 886 cernue
646 837 686 882 ert
704 829 860 898 peccati,²)
879 845 932 884 nec
951 829 1000 900 qui
1017 844 1084 900 pec*-

173 921 233 987 eat,
251 917 403 988 impunitus
421 915 506 973 debet
524 915 639 988 dimitti,
661 917 716 971 nisi
735 915 925 970 misericordia
942 913 1083 986 peccatori

173 1001 274 1074 porcat
291 1007 319 1058 et
338 1018 402 1058 eum
426 1002 526 1058 liberet
541 1021 577 1058 ec
595 1004 718 1059 reducet.
760 1000 945 1067 Quamobrem
963 1017 1013 1071 per
1028 999 1084 1054 hoc
1103 1010 1133 1060 17

174 1087 388 1160 chirographum
410 1088 515 1144 nullum
541 1089 659 1144 inveniri
675 1104 758 1160 posse
776 1084 881 1141 diaboli
898 1085 1035 1140 iustitiam
1052 1085 1083 1141 in

172 1174 292 1228 hominis
316 1173 460 1229 vexatione
484 1174 595 1229 credere
624 1173 764 1230 debemus.
804 1170 934 1241 Denique
955 1171 1029 1226 sicut
1052 1171 1083 1227 in
1103 1179 1134 1232 18

173 1259 248 1316 bono
267 1259 367 1330 angelo
385 1259 463 1313 nulls
475 1259 585 1314 omnino
594 1257 641 1315 'est
656 1257 800 1327 iniustitia,
819 1257 860 1312 ite
875 1257 904 1311 in
916 1257 990 1311 malo
1004 1257 1083 1312 nuile

173 1351 216 1401 est
244 1345 355 1416 penitus
381 1343 495 1400 iustitie.
531 1343 608 1400 Nihil
631 1342 722 1417 igitur,
744 1344 856 1408 eratin
879 1342 1004 1413 diabolo,
1033 1360 1084 1398 cur
1103 1355 1135 1406 19
1171 1365 1172 1370 ¹

172 1429 251 1485 Deus
268 1438 365 1485 contra
388 1429 467 1483 illum
491 1429 528 1483 ad
553 1429 728 1487 liberandum
745 1428 884 1486 hominem
900 1447 950 1486 sua
968 1432 1011 1487 uti
1028 1432 1083 1487 ior·

172 1503 291 1579 titudine
307 1532 363 1571 non
381 1515 502 1570 deberet

252 1669 294 1756 8·
346 1704 415 1758 Aoo.
437 1701 570 1759 Sufficere
588 1703 668 1758 nobis
689 1701 773 1758 debet
790 1701 826 1758 ud
839 1703 974 1758 rationem
986 1704 1082 1758 volun·
1103 1711 1114 1762 1

173 1791 217 1842 tes
238 1788 293 1844 Dei
302 1792 323 1858 3)
350 1807 414 1844 cum
443 1789 550 1861 aliquid
578 1780 660 1857 facit,
687 1789 754 1844 licet
780 1805 837 1843 non
863 1788 1006 1844 videamus
1033 1807 1084 1844 cur

174 1871 215 1926 itu
231 1872 314 1944 velit3¹
340 1874 469 1930 voluntas
487 1892 608 1947 namque
624 1876 679 1931 Dei
704 1871 848 1948 nunqu'om
873 1881 916 1929 est
940 1873 1083 1930 irratione-

174 1955 246 2011 bilis
281 1958 352 2014 Boe.
370 1959 475 2015 Verum
493 1968 548 2030 est,
572 1961 595 2015 si
615 1967 724 2016 constet
742 1961 835 2017 Deum
853 1962 884 2016 id
903 1964 991 2034 velle,
1008 1965 1118 2019 unde2
1166 2021 1167 2024 ,

175 2041 283 2114 egitur3
309 2061 485 2117 nequaquam
509 2047 584 2101 enim
610 2048 789 2119 acquiescunt
813 2047 895 2101 multi
917 2046 1010 2102 Deum
1034 2049 1083 2102 uli-

175 2127 244 2198 quid
272 2129 358 2196 velle,
386 2131 409 2183 si
434 2132 535 2186 rationi
561 2149 718 2204 repugnare
743 2133 861 2188 videtur.
904 2134 973 2186 Aoo.
1010 2132 1118 2198 Quide

174 2212 227 2269 tibi
252 2213 363 2268 ridetur
387 2232 543 2288 repugnare
569 2218 684 2284 rationi,
709 2235 773 2273 cum
791 2218 884 2272 Deum
910 2234 945 2273 eu
964 2217 1085 2275 voluisse

174 2297 303 2368 fatemur,
322 2316 394 2370 quae
413 2301 448 2357 de
467 2303 527 2356 eius
544 2303 732 2358 incarnatione
752 2303 911 2358 credimus?
946 2306 1016 2359 Bor.
1042 2305 1085 2363 Ut
1101 2309 1119 2359 4

174 2383 297 2441 breviter
326 2385 432 2440 dicam:
463 2385 628 2440 altissimum
657 2388 694 2441 od
720 2395 778 2443 tam
803 2389 919 2463 humilia
947 2391 1083 2462 inclinari,
1165 2436 1168 2441 .

176 2470 392 2540 omnipotentem
411 2471 517 2544 aliquid
535 2472 627 2528 facere
640 2489 703 2527 oum
714 2480 792 2530 tento
804 2475 907 2531 labore.
933 2476 1003 2530 Ans.
1029 2475 1084 2540 Qui
1101 2479 1116 2530 5

176 2554 228 2610 hoc
242 2555 345 2624 dicunt,
361 2573 416 2612 non
425 2557 591 2629 intelligunt
603 2561 684 2630 quod
690 2560 836 2616 credimus.
864 2560 996 2616 Divinam
1010 2561 1084 2617 enim

176 2646 305 2697 naturam
323 2642 429 2714 absquo
450 2641 535 2697 dubio
546 2644 699 2701 ¹asserimus
716 2645 929 2718 impossibilem,
945 2663 997 2710 nec
1014 2647 1084 2702 ulla-

176 2732 257 2782 tenus
275 2743 391 2797 possea
413 2745 463 2782 sua
483 2728 648 2792 celsitudine
666 2731 812 2801 humiliari,
836 2731 935 2786 necin
955 2748 988 2787 eo
1008 2733 1084 2805 quod

177 2813 239 2866 vult
268 2812 359 2868 facere
387 2812 522 2869 laborare.
563 2813 619 2870 Sed
645 2815 795 2870 Dominum
821 2815 914 2871 Iesum
944 2816 1118 2874 Christumh

179 2894 295 2951 dicimus
318 2897 410 2952 Deum
434 2915 530 2953 verum
556 2888 585 2954 et
609 2917 706 2987 rerum
733 2900 888 2972 hominem,
916 2921 1001 2959 unam
1023 2922 1085 2976 per-

249 3089 273 3150 1)
294 3085 351 3140 cfr.
368 3085 471 3140 Psalm
489 3093 520 3143 77
539 3083 604 3161 [78],
624 3091 666 3143 39.

227 3159 274 3217 2)
292 3154 389 3209 Ioann
410 3160 433 3223 8,
454 3161 493 3210 34.

249 3222 352 3285 >acu
370 3195 456 3278 Liber
474 3227 509 3278 de
531 3226 677 3280 Veluniate
694 3226 795 3282 Deic
813 3232 841 3281 1.
859 3225 1014 3295 ,Voluntas
1032 3227 1087 3285 Dei

177 3293 286 3359 est(ut
309 3291 429 3348 breviter
453 3293 558 3362 dicam)
581 3295 715 3366 quicquid
737 3293 781 3365 fis,
806 3301 839 3349 ut
859 3265 923 3400 heri
946 3296 1088 3354 invenitur

177 3361 208 3415 in
228 3361 387 3416 creaturis“
