2636 3806
247 286 290 356 50
415 287 457 344 *a
475 287 646 348 Anssmss
667 287 974 348 cunnunmnnsis

213 459 465 519 2miserioordiem
480 459 575 518 iecere
592 475 648 516 non
665 459 768 532 posse?
803 459 873 515 Aee.
896 459 961 514 Hoo
980 457 1066 514 debes
1084 475 1159 516 nuno

246 547 284 604 eb
301 545 358 602 iilis
378 549 496 620 exigere,
516 545 578 618 (qui
590 544 732 602 Christum
749 562 806 602 non
823 561 885 602 esre
902 544 1021 602 eredunt
1031 561 1157 600 neeesse·

246 633 319 689 rium
346 633 385 688 ed
405 633 483 688 illem
507 631 626 688 sulutem
648 629 778 699 hominis)
802 647 921 702 quorum
943 630 1005 686 vioe
1027 629 1159 702 loqueris,

248 725 280 774 ut
309 719 419 789 dieunt,
449 717 569 790 qualiter
599 717 682 773 homo
713 717 815 772 selveri
838 718 898 773 sine
924 714 1033 772 Christo
1062 714 1158 786 possit

213 807 229 858 3
247 804 329 869 Quod
354 804 377 858 si
400 819 457 858 non
480 810 597 873 possunt
618 801 678 858 ullo
699 802 796 873 modo,
825 802 954 858 desinent
975 816 1027 855 noe
1043 799 1159 856 irridere

246 895 276 945 et
292 889 427 944 eoosdunt
442 894 471 944 ot
487 887 607 959 iungunt
621 905 654 944 ee
671 885 766 956 nobis,
794 886 843 957 qui
859 901 916 941 non
931 885 1093 942 dubitamus
1108 886 1158 943 ho·

247 975 350 1030 minem
380 973 483 1029 salvari
505 987 588 1043 posue
608 988 660 1042 per
682 969 839 1040 Christum
864 977 915 1027 eut
934 972 1083 1042 desperent
1106 972 1159 1028 hoo

212 1059 305 1114 tullo
323 1059 407 1114 modo
430 1074 513 1129 posse
533 1055 603 1112 fieri.
640 1055 721 1122 Quod
740 1057 907 1127 sihorrent,
934 1057 1050 1113 eredunt
1067 1057 1159 1113 nobis·

246 1161 312 1200 eum
328 1143 358 1198 in
375 1142 530 1212 Christum,
557 1148 589 1198 ut
607 1143 715 1213 possint
733 1142 844 1199 eelvuri¹
880 1145 951 1198 Boe.
981 1142 1009 1196 A
1028 1148 1056 1198 te
1074 1159 1159 1214 quee-

245 1245 315 1299 rum,
332 1229 406 1284 sieut
423 1229 527 1300 incepi,
546 1234 579 1284 ut
596 1228 728 1286 ostendes
746 1228 823 1298 mihi,
845 1243 902 1301 que
919 1227 1025 1283 ratione
1036 1228 1159 1284 salvetur

213 1315 327 1370 themo
350 1331 401 1386 per
423 1313 571 1370 Christum.
606 1316 677 1371 Ans.
704 1314 805 1372 Nonne
828 1313 998 1370 sufficienter
1022 1313 1158 1386 probetur

245 1417 297 1472 per
312 1400 454 1456 Christum
470 1400 610 1458 hominem
628 1416 711 1471 posse
733 1399 849 1469 salven,
873 1415 937 1456 oum
955 1398 1040 1454 etium
1059 1399 1157 1454 infide·

245 1486 286 1542 les
305 1503 362 1542 non
387 1493 491 1558 negent
515 1485 656 1543 hominem
680 1485 738 1542 ullo
761 1485 843 1542 modo
862 1501 945 1556 posse
959 1483 1021 1540 fieri
1037 1485 1159 1554 bertum,

245 1577 274 1628 et
299 1571 368 1627 setis
393 1579 535 1629 ostensum
561 1571 610 1640 sit,
642 1573 709 1644 quie
738 1571 762 1626 si
784 1571 912 1644 ponimus
936 1569 1077 1626 Christum
1099 1588 1159 1626 non

211 1649 320 1727 tense,
351 1657 429 1713 nullo
454 1657 537 1712 modo
563 1661 666 1729 potest
680 1655 797 1712 inveniri
826 1657 902 1712 salue
925 1656 1064 1712 hominis?
1098 1657 1158 1712 Aut

245 1743 319 1797 enim
349 1759 402 1812 per
426 1741 567 1796 Christum
602 1748 652 1796 eut
680 1741 735 1798 alio
766 1741 938 1814 aliquo-eut
968 1742 1047 1798 nullo
1075 1743 1158 1800 modo

245 1827 347 1898 poterit
377 1826 460 1883 homo
489 1827 585 1884 selme
616 1842 694 1898 esse3
724 1833 893 1900 quapropter
924 1827 948 1881 si
976 1827 1080 1883 falsum
1105 1834 1157 1898 eet,

245 1913 313 1984 quie
338 1912 416 1969 nullo
439 1919 492 1969 ¹eut
514 1912 609 1984 eliquo
634 1913 690 1968 ulio
711 1911 796 1966 modo
821 1917 914 1983 potest
934 1913 988 1970 hoe
1011 1931 1085 1979 esse,
1110 1933 1157 1974 ne·

211 2005 323 2054 teesse
354 2004 397 2054 est
426 1998 487 2056 fieri
515 2013 567 2070 pen
596 1997 745 2056 Christum.
801 1999 870 2054 Bor.
910 1999 940 2056 Si
969 1999 1031 2072 quie
1059 2001 1156 2058 ridens

244 2084 380 2139 rationem
399 2084 466 2155 quie
485 2083 541 2140 elio
558 2085 640 2140 modo
660 2101 717 2140 non
740 2088 927 2154 potestesse,
954 2089 983 2140 et
997 2101 1060 2140 uon
1077 2086 1158 2144 intel·

244 2169 416 2240 ligereque
438 2172 545 2226 ratione
568 2188 619 2241 per
644 2169 785 2225 Christum
809 2185 870 2224 esee
895 2169 1000 2241 valeat,
1033 2185 1157 2227 assuere

243 2253 322 2322 velit,
347 2255 415 2325 quie
438 2272 491 2312 nee
516 2273 566 2328 per
586 2255 727 2312 Christum
751 2271 804 2310 neo
822 2254 882 2313 ullo
900 2255 983 2311 modo
1002 2262 1087 2328 queat
1103 2253 1156 2312 hee

210 2335 320 2393 8esse:
352 2339 421 2409 quid
449 2340 515 2397 huie
542 2340 792 2414 respondebimus?
841 2341 911 2396 Aue.
941 2339 1015 2405 Quid
1044 2359 1155 2412 respon-

245 2422 368 2477 dendum
399 2430 441 2480 est
470 2426 526 2497 illi,
555 2428 604 2500 qui
633 2429 739 2483 ideireo
767 2425 867 2482 astruit
897 2443 957 2482 esse
984 2426 1155 2498 impossibile

242 2507 320 2580 quod
337 2523 451 2565 neeesse
468 2519 602 2584 estesse,
620 2513 688 2586 quie
704 2511 807 2582 nesost,
833 2512 972 2583 quomodo
991 2511 1049 2567 sit?
1084 2516 1154 2569 Bor.

242 2592 317 2659 Quia
333 2593 466 2665 insipiens
484 2603 534 2653 eet
570 2600 641 2654 Aue.
667 2596 906 2652 Contemnendum
928 2605 971 2653 eet
993 2615 1060 2670 ergo
1078 2597 1154 2668 quod

243 2679 319 2736 dicit
354 2681 426 2735 Boe.
460 2680 565 2737 Verum
595 2689 653 2752 est3
678 2681 728 2738 sed
750 2681 804 2738 hoo
829 2683 921 2753 ipsum
943 2682 985 2737 illi
1008 2683 1154 2739 ostenden·

209 2761 225 2810 9
243 2763 310 2818 dum
328 2772 384 2836 est,
409 2782 465 2838 que
488 2767 595 2823 tutione
620 2767 656 2823 sit
677 2768 753 2839 quod
771 2774 853 2840 putet
869 2768 1048 2840 impossibile.
1084 2771 1153 2822 Aee.

242 2848 290 2904 An
309 2867 365 2905 non
382 2851 515 2926 intelligis
534 2870 567 2909 ex
588 2851 631 2908 his
657 2870 728 2926 quae
752 2872 838 2927 uupru
862 2853 995 2924 diximus,
1018 2855 1085 2926 quie
1105 2869 1153 2908 ne-

242 2952 319 2992 eesse
345 2942 389 2992 est
411 2937 520 3010 aliquos
545 2937 669 2996 homines
696 2940 733 2995 ed
760 2937 962 2996 beatitudinem
987 2937 1153 3010 pervenire?

239 3022 314 3080 Num
332 3023 356 3078 si
376 3023 437 3081 Deo
461 3029 505 3079 est
526 3022 722 3081 inconveniens
742 3025 881 3082 hominem
900 3041 963 3079 oum
982 3023 1078 3097 ulique
1095 3039 1152 3078 mu-

239 3109 304 3164 oule
320 3108 473 3180 perducere
491 3109 528 3164 ud
546 3109 607 3178 hoo,
626 3108 663 3165 ud
680 3111 756 3181 quod
772 3109 852 3164 illum
872 3108 931 3165 eine
949 3107 1023 3164 omni
1041 3105 1154 3163 meoulu

238 3192 321 3264 feeit,
351 3213 387 3251 ne
417 3200 468 3251 aut
491 3193 558 3250 boni
583 3194 706 3264 incoepti
734 3195 876 3266 poenitere
907 3199 957 3250 eut
979 3192 1153 3264 propositum

239 3278 356 3350 implere
381 3295 437 3334 non
462 3294 544 3349 posse
567 3279 710 3349 videatur,
734 3277 823 3335 multo
848 3281 939 3352 magis
955 3283 1070 3351 propter
1088 3293 1153 3332 een·

239 3363 304 3420 dem
330 3359 582 3420 inconvenientium
608 3362 779 3435 impossibile
805 3369 848 3422 est
875 3365 984 3427 nullum
1010 3363 1150 3421 hominem
