<?xml version="1.0" encoding="UTF-8"?>
<!DOCTYPE html PUBLIC "-//W3C//DTD XHTML 1.0 Transitional//EN"
    "http://www.w3.org/TR/xhtml1/DTD/xhtml1-transitional.dtd">
<html xmlns="http://www.w3.org/1999/xhtml" xml:lang="en" lang="en">
 <head>
  <title>
</title>
<meta http-equiv="Content-Type" content="text/html;charset=utf-8" />
  <meta name='ocr-system' content='tesseract 3.04.00' />
  <meta name='ocr-capabilities' content='ocr_page ocr_carea ocr_par ocr_line ocrx_word'/>
</head>
<body>
  <div class='ocr_page' id='page_1' title='image "./sanselmicantuar01laemgoog_0066.png"; bbox 0 0 2636 3806; ppageno 0'>
   <div class='ocr_carea' id='block_1_1' title="bbox 374 303 1087 372">
    <p class='ocr_par' dir='ltr' id='par_1_1' title="bbox 374 303 1087 372">
     <span class='ocr_line' id='line_1_1' title="bbox 374 303 1087 372; baseline 0.013 -11"><span class='ocrx_word' id='word_1_1' title='bbox 374 305 452 364; x_wconf 72' lang='lat' dir='ltr'>uua</span> <span class='ocrx_word' id='word_1_2' title='bbox 468 305 569 364; x_wconf 76' lang='lat' dir='ltr'>DEUs</span> <span class='ocrx_word' id='word_1_3' title='bbox 591 303 710 362; x_wconf 77' lang='lat' dir='ltr'><strong>HOMO.</strong></span> <span class='ocrx_word' id='word_1_4' title='bbox 746 306 769 360; x_wconf 87' lang='grc' dir='ltr'>Ι.</span> <span class='ocrx_word' id='word_1_5' title='bbox 790 311 830 363; x_wconf 78' lang='lat'>19.</span> <span class='ocrx_word' id='word_1_6' title='bbox 851 312 891 362; x_wconf 76' lang='lat' dir='ltr'>aa·</span> <span class='ocrx_word' id='word_1_7' title='bbox 1045 307 1087 372; x_wconf 88' lang='grc'>41</span> 
     </span>
    </p>
   </div>
   <div class='ocr_carea' id='block_1_2' title="bbox 180 526 1203 2765">
    <p class='ocr_par' dir='ltr' id='par_1_2' title="bbox 180 526 1203 2765">
     <span class='ocr_line' id='line_1_2' title="bbox 258 526 1121 634; baseline 0.013 -23"><span class='ocrx_word' id='word_1_8' title='bbox 258 526 328 612; x_wconf 66' lang='lat'>20·</span> <span class='ocrx_word' id='word_1_9' title='bbox 370 561 441 613; x_wconf 78' lang='lat' dir='ltr'>Aac.</span> <span class='ocrx_word' id='word_1_10' title='bbox 476 559 538 614; x_wconf 88' lang='lat' dir='ltr'>Hoc</span> <span class='ocrx_word' id='word_1_11' title='bbox 562 575 674 630; x_wconf 89' lang='lat' dir='ltr'>quoque</span> <span class='ocrx_word' id='word_1_12' title='bbox 694 577 750 615; x_wconf 90' lang='lat' dir='ltr'>non</span> <span class='ocrx_word' id='word_1_13' title='bbox 775 561 929 632; x_wconf 78' lang='lat' dir='ltr'>dubitabis,</span> <span class='ocrx_word' id='word_1_14' title='bbox 957 567 989 616; x_wconf 92' lang='lat' dir='ltr'>ut</span> <span class='ocrx_word' id='word_1_15' title='bbox 1011 567 1121 634; x_wconf 86' lang='lat' dir='ltr'>puto,1</span> 
     </span>
     <span class='ocr_line' id='line_1_3' title="bbox 183 644 1089 719; baseline 0.003 -19"><span class='ocrx_word' id='word_1_16' title='bbox 183 645 250 718; x_wconf 89' lang='lat' dir='ltr'>quia</span> <span class='ocrx_word' id='word_1_17' title='bbox 267 644 419 701; x_wconf 82' lang='lat' dir='ltr'>secundum</span> <span class='ocrx_word' id='word_1_18' title='bbox 437 660 594 698; x_wconf 82' lang='lat' dir='ltr'>mensuram</span> <span class='ocrx_word' id='word_1_19' title='bbox 615 647 724 716; x_wconf 86' lang='lat' dir='ltr'>peccati</span> <span class='ocrx_word' id='word_1_20' title='bbox 747 653 856 719; x_wconf 88' lang='lat' dir='ltr'>oportet</span> <span class='ocrx_word' id='word_1_21' title='bbox 873 647 1089 704; x_wconf 74' lang='lat' dir='ltr'><strong>satisfactionem</strong></span> 
     </span>
     <span class='ocr_line' id='line_1_4' title="bbox 183 729 1122 806; baseline 0.006 -20"><span class='ocrx_word' id='word_1_22' title='bbox 183 747 252 786; x_wconf 80' lang='lat' dir='ltr'>esse.</span> <span class='ocrx_word' id='word_1_23' title='bbox 286 731 354 786; x_wconf 77' lang='lat' dir='ltr'>Bor.</span> <span class='ocrx_word' id='word_1_24' title='bbox 372 729 465 784; x_wconf 80' lang='lat' dir='ltr'><strong>Aliter</strong></span> <span class='ocrx_word' id='word_1_25' title='bbox 483 730 659 802; x_wconf 86' lang='lat' dir='ltr'>aliquatenus</span> <span class='ocrx_word' id='word_1_26' title='bbox 678 732 865 787; x_wconf 88' lang='lat' dir='ltr'>inordinatum</span> <span class='ocrx_word' id='word_1_27' title='bbox 882 739 1007 789; x_wconf 86' lang='lat' dir='ltr'>maneret</span> <span class='ocrx_word' id='word_1_28' title='bbox 1025 751 1088 806; x_wconf 88' lang='lat' dir='ltr'>pec-</span> <span class='ocrx_word' id='word_1_29' title='bbox 1107 742 1122 793; x_wconf 81' lang='lat'><strong>2</strong></span> 
     </span>
     <span class='ocr_line' id='line_1_5' title="bbox 181 816 1091 893; baseline 0.007 -23"><span class='ocrx_word' id='word_1_30' title='bbox 181 822 290 885; x_wconf 86' lang='lat' dir='ltr'>catum,</span> <span class='ocrx_word' id='word_1_31' title='bbox 320 816 396 887; x_wconf 89' lang='lat' dir='ltr'>quod</span> <span class='ocrx_word' id='word_1_32' title='bbox 424 830 484 869; x_wconf 86' lang='lat' dir='ltr'>esse</span> <span class='ocrx_word' id='word_1_33' title='bbox 505 831 561 869; x_wconf 86' lang='lat' dir='ltr'>non</span> <span class='ocrx_word' id='word_1_34' title='bbox 584 821 690 888; x_wconf 91' lang='lat' dir='ltr'>potest,</span> <span class='ocrx_word' id='word_1_35' title='bbox 719 818 743 872; x_wconf 81' lang='lat' dir='ltr'>si</span> <span class='ocrx_word' id='word_1_36' title='bbox 770 819 847 874; x_wconf 88' lang='lat' dir='ltr'>Deus</span> <span class='ocrx_word' id='word_1_37' title='bbox 871 819 942 874; x_wconf 88' lang='lat' dir='ltr'>nihil</span> <span class='ocrx_word' id='word_1_38' title='bbox 957 820 1091 893; x_wconf 80' lang='lat' dir='ltr'><strong>relinquit</strong></span> 
     </span>
     <span class='ocr_line' id='line_1_6' title="bbox 181 899 1123 975; baseline 0.008 -19"><span class='ocrx_word' id='word_1_39' title='bbox 181 901 368 957; x_wconf 85' lang='lat' dir='ltr'>inordinatum</span> <span class='ocrx_word' id='word_1_40' title='bbox 390 899 419 954; x_wconf 92' lang='lat' dir='ltr'>in</span> <span class='ocrx_word' id='word_1_41' title='bbox 441 917 528 970; x_wconf 82' lang='lat' dir='ltr'>regno</span> <span class='ocrx_word' id='word_1_42' title='bbox 553 918 612 955; x_wconf 77' lang='lat' dir='ltr'>suu</span> <span class='ocrx_word' id='word_1_43' title='bbox 621 902 642 972; x_wconf 85' lang='lat'>¹)</span> <span class='ocrx_word' id='word_1_44' title='bbox 678 903 734 958; x_wconf 84' lang='lat' dir='ltr'>Sed</span> <span class='ocrx_word' id='word_1_45' title='bbox 751 903 804 958; x_wconf 91' lang='lat' dir='ltr'>hoc</span> <span class='ocrx_word' id='word_1_46' title='bbox 822 911 865 960; x_wconf 89' lang='lat' dir='ltr'>est</span> <span class='ocrx_word' id='word_1_47' title='bbox 886 904 1089 975; x_wconf 85' lang='lat' dir='ltr'>praestitutum,</span> <span class='ocrx_word' id='word_1_48' title='bbox 1107 913 1123 964; x_wconf 88' lang='lat'><strong>3</strong></span> 
     </span>
     <span class='ocr_line' id='line_1_7' title="bbox 182 986 1203 1061; baseline 0 -19"><span class='ocrx_word' id='word_1_49' title='bbox 182 986 248 1060; x_wconf 86' lang='lat' dir='ltr'>quia</span> <span class='ocrx_word' id='word_1_50' title='bbox 274 986 428 1056; x_wconf 74' lang='lat' dir='ltr'>quamlibet</span> <span class='ocrx_word' id='word_1_51' title='bbox 451 1003 570 1056; x_wconf 79' lang='lat' dir='ltr'>parvum</span> <span class='ocrx_word' id='word_1_52' title='bbox 595 987 794 1045; x_wconf 84' lang='lat' dir='ltr'>inconveniens</span> <span class='ocrx_word' id='word_1_53' title='bbox 823 990 853 1044; x_wconf 90' lang='lat' dir='ltr'>in</span> <span class='ocrx_word' id='word_1_54' title='bbox 875 989 937 1044; x_wconf 89' lang='lat' dir='ltr'>Deo</span> <span class='ocrx_word' id='word_1_55' title='bbox 963 990 1090 1061; x_wconf 85' lang='lat' dir='ltr'>impossi-</span> <span class='ocrx_word' id='word_1_56' title='bbox 1197 1021 1203 1042; x_wconf 60' lang='grc' dir='ltr'><em>ι</em></span> 
     </span>
     <span class='ocr_line' id='line_1_8' title="bbox 182 1070 1089 1146; baseline 0.002 -17"><span class='ocrx_word' id='word_1_57' title='bbox 182 1073 240 1129; x_wconf 92' lang='lat' dir='ltr'>bile</span> <span class='ocrx_word' id='word_1_58' title='bbox 262 1078 311 1128; x_wconf 86' lang='lat' dir='ltr'>est</span> <span class='ocrx_word' id='word_1_59' title='bbox 347 1073 415 1125; x_wconf 80' lang='lat' dir='ltr'>Aac.</span> <span class='ocrx_word' id='word_1_60' title='bbox 450 1070 505 1125; x_wconf 94' lang='lat' dir='ltr'>Dic</span> <span class='ocrx_word' id='word_1_61' title='bbox 524 1088 604 1143; x_wconf 87' lang='lat' dir='ltr'>ergo,</span> <span class='ocrx_word' id='word_1_62' title='bbox 627 1074 695 1144; x_wconf 84' lang='lat' dir='ltr'>quid</span> <span class='ocrx_word' id='word_1_63' title='bbox 716 1075 805 1130; x_wconf 88' lang='lat' dir='ltr'>solves</span> <span class='ocrx_word' id='word_1_64' title='bbox 824 1074 885 1130; x_wconf 91' lang='lat' dir='ltr'>Deo</span> <span class='ocrx_word' id='word_1_65' title='bbox 907 1093 957 1145; x_wconf 93' lang='lat' dir='ltr'>pro</span> <span class='ocrx_word' id='word_1_66' title='bbox 973 1081 1089 1146; x_wconf 79' lang='lat' dir='ltr'>peccabo</span> 
     </span>
     <span class='ocr_line' id='line_1_9' title="bbox 180 1155 1125 1232; baseline 0.002 -17"><span class='ocrx_word' id='word_1_67' title='bbox 180 1159 249 1215; x_wconf 80' lang='lat' dir='ltr'>tuo?</span> <span class='ocrx_word' id='word_1_68' title='bbox 283 1160 353 1213; x_wconf 74' lang='lat' dir='ltr'>Bos.</span> <span class='ocrx_word' id='word_1_69' title='bbox 388 1155 605 1225; x_wconf 87' lang='lat' dir='ltr'>Poenitcntiam,</span> <span class='ocrx_word' id='word_1_70' title='bbox 628 1174 676 1213; x_wconf 88' lang='lat' dir='ltr'>cor</span> <span class='ocrx_word' id='word_1_71' title='bbox 693 1159 843 1214; x_wconf 89' lang='lat' dir='ltr'>contritum</span> <span class='ocrx_word' id='word_1_72' title='bbox 859 1167 888 1215; x_wconf 86' lang='lat' dir='ltr'>et</span> <span class='ocrx_word' id='word_1_73' title='bbox 905 1160 1125 1232; x_wconf 80' lang='lat' dir='ltr'>humiliatum,4</span> 
     </span>
     <span class='ocr_line' id='line_1_10' title="bbox 183 1241 1090 1314; baseline 0.003 -14"><span class='ocrx_word' id='word_1_74' title='bbox 183 1242 365 1300; x_wconf 64' lang='lat' dir='ltr'>abstinentias</span> <span class='ocrx_word' id='word_1_75' title='bbox 390 1247 419 1298; x_wconf 90' lang='lat' dir='ltr'>et</span> <span class='ocrx_word' id='word_1_76' title='bbox 446 1241 624 1298; x_wconf 90' lang='lat' dir='ltr'>multimodos</span> <span class='ocrx_word' id='word_1_77' title='bbox 650 1242 760 1298; x_wconf 87' lang='lat' dir='ltr'>labores</span> <span class='ocrx_word' id='word_1_78' title='bbox 785 1245 906 1314; x_wconf 82' lang='lat' dir='ltr'>corporis</span> <span class='ocrx_word' id='word_1_79' title='bbox 931 1252 960 1302; x_wconf 89' lang='lat' dir='ltr'>et</span> <span class='ocrx_word' id='word_1_80' title='bbox 985 1249 1090 1304; x_wconf 90' lang='lat' dir='ltr'>miseri·</span> 
     </span>
     <span class='ocr_line' id='line_1_11' title="bbox 181 1327 1124 1399; baseline 0.005 -14"><span class='ocrx_word' id='word_1_81' title='bbox 181 1330 303 1386; x_wconf 88' lang='lat' dir='ltr'>cordiam</span> <span class='ocrx_word' id='word_1_82' title='bbox 323 1327 409 1398; x_wconf 89' lang='lat' dir='ltr'>dandi</span> <span class='ocrx_word' id='word_1_83' title='bbox 428 1332 456 1381; x_wconf 90' lang='lat' dir='ltr'>et</span> <span class='ocrx_word' id='word_1_84' title='bbox 474 1327 631 1382; x_wconf 90' lang='lat' dir='ltr'>dimittendi</span> <span class='ocrx_word' id='word_1_85' title='bbox 648 1335 677 1384; x_wconf 89' lang='lat' dir='ltr'>et</span> <span class='ocrx_word' id='word_1_86' title='bbox 696 1329 891 1384; x_wconf 78' lang='lat' dir='ltr'>obedientiam.</span> <span class='ocrx_word' id='word_1_87' title='bbox 926 1333 997 1388; x_wconf 77' lang='lat' dir='ltr'>Aac.</span> <span class='ocrx_word' id='word_1_88' title='bbox 1015 1334 1090 1399; x_wconf 78' lang='lat' dir='ltr'>Quid</span> <span class='ocrx_word' id='word_1_89' title='bbox 1109 1339 1124 1390; x_wconf 84' lang='lat'><strong>5</strong></span> 
     </span>
     <span class='ocr_line' id='line_1_12' title="bbox 181 1412 1090 1488; baseline 0.002 -18"><span class='ocrx_word' id='word_1_90' title='bbox 181 1415 211 1470; x_wconf 90' lang='lat' dir='ltr'>in</span> <span class='ocrx_word' id='word_1_91' title='bbox 226 1415 270 1471; x_wconf 88' lang='lat' dir='ltr'>his</span> <span class='ocrx_word' id='word_1_92' title='bbox 288 1415 415 1470; x_wconf 89' lang='lat' dir='ltr'>omnibus</span> <span class='ocrx_word' id='word_1_93' title='bbox 433 1414 484 1467; x_wconf 88' lang='lat' dir='ltr'>das</span> <span class='ocrx_word' id='word_1_94' title='bbox 504 1412 585 1468; x_wconf 80' lang='lat' dir='ltr'>Deo?</span> <span class='ocrx_word' id='word_1_95' title='bbox 620 1415 688 1468; x_wconf 79' lang='lat' dir='ltr'>Bos.</span> <span class='ocrx_word' id='word_1_96' title='bbox 724 1413 771 1468; x_wconf 89' lang='lat' dir='ltr'>An</span> <span class='ocrx_word' id='word_1_97' title='bbox 792 1430 849 1466; x_wconf 91' lang='lat' dir='ltr'>non</span> <span class='ocrx_word' id='word_1_98' title='bbox 865 1415 969 1470; x_wconf 85' lang='lat' dir='ltr'>honoro</span> <span class='ocrx_word' id='word_1_99' title='bbox 988 1417 1090 1488; x_wconf 90' lang='lat' dir='ltr'>Deum,</span> 
     </span>
     <span class='ocr_line' id='line_1_13' title="bbox 182 1499 1091 1571; baseline 0.001 -15"><span class='ocrx_word' id='word_1_100' title='bbox 182 1500 294 1571; x_wconf 87' lang='lat' dir='ltr'>quando</span> <span class='ocrx_word' id='word_1_101' title='bbox 313 1505 427 1571; x_wconf 85' lang='lat' dir='ltr'>propter</span> <span class='ocrx_word' id='word_1_102' title='bbox 443 1499 571 1554; x_wconf 88' lang='lat' dir='ltr'>timorem</span> <span class='ocrx_word' id='word_1_103' title='bbox 594 1499 654 1553; x_wconf 84' lang='lat' dir='ltr'>eius</span> <span class='ocrx_word' id='word_1_104' title='bbox 678 1503 706 1552; x_wconf 92' lang='lat' dir='ltr'>et</span> <span class='ocrx_word' id='word_1_105' title='bbox 730 1515 851 1555; x_wconf 88' lang='lat' dir='ltr'>amorem</span> <span class='ocrx_word' id='word_1_106' title='bbox 869 1499 899 1554; x_wconf 87' lang='lat' dir='ltr'>in</span> <span class='ocrx_word' id='word_1_107' title='bbox 917 1501 1007 1555; x_wconf 83' lang='lat' dir='ltr'>cordis</span> <span class='ocrx_word' id='word_1_108' title='bbox 1025 1519 1091 1557; x_wconf 91' lang='lat' dir='ltr'>con·</span> 
     </span>
     <span class='ocr_line' id='line_1_14' title="bbox 181 1584 1091 1654; baseline 0.001 -13"><span class='ocrx_word' id='word_1_109' title='bbox 181 1585 292 1641; x_wconf 75' lang='lat' dir='ltr'>tuitione</span> <span class='ocrx_word' id='word_1_110' title='bbox 312 1584 447 1640; x_wconf 72' lang='lat' dir='ltr'>laetitiam</span> <span class='ocrx_word' id='word_1_111' title='bbox 469 1584 650 1654; x_wconf 81' lang='lat' dir='ltr'>temporalem</span> <span class='ocrx_word' id='word_1_112' title='bbox 673 1584 789 1654; x_wconf 90' lang='lat' dir='ltr'>abiicio‚</span> <span class='ocrx_word' id='word_1_113' title='bbox 812 1586 841 1640; x_wconf 89' lang='lat' dir='ltr'>in</span> <span class='ocrx_word' id='word_1_114' title='bbox 866 1584 1041 1641; x_wconf 78' lang='lat' dir='ltr'>abstinentiis</span> <span class='ocrx_word' id='word_1_115' title='bbox 1062 1593 1091 1642; x_wconf 88' lang='lat' dir='ltr'>et</span> 
     </span>
     <span class='ocr_line' id='line_1_15' title="bbox 181 1669 1091 1741; baseline -0.002 -15"><span class='ocrx_word' id='word_1_116' title='bbox 181 1671 323 1728; x_wconf 83' lang='lat' dir='ltr'>laboribus</span> <span class='ocrx_word' id='word_1_117' title='bbox 340 1669 537 1726; x_wconf 85' lang='lat' dir='ltr'>delectationes</span> <span class='ocrx_word' id='word_1_118' title='bbox 562 1674 592 1724; x_wconf 85' lang='lat' dir='ltr'>et</span> <span class='ocrx_word' id='word_1_119' title='bbox 615 1670 737 1741; x_wconf 89' lang='lat' dir='ltr'>quietem</span> <span class='ocrx_word' id='word_1_120' title='bbox 760 1670 842 1724; x_wconf 87' lang='lat' dir='ltr'>huius</span> <span class='ocrx_word' id='word_1_121' title='bbox 859 1669 935 1724; x_wconf 84' lang='lat' dir='ltr'>vitae</span> <span class='ocrx_word' id='word_1_122' title='bbox 948 1671 1040 1740; x_wconf 87' lang='lat' dir='ltr'>calco,</span> <span class='ocrx_word' id='word_1_123' title='bbox 1061 1671 1091 1725; x_wconf 92' lang='lat' dir='ltr'>in</span> 
     </span>
     <span class='ocr_line' id='line_1_16' title="bbox 182 1755 1092 1828; baseline 0 -16"><span class='ocrx_word' id='word_1_124' title='bbox 182 1757 274 1812; x_wconf 84' lang='lat' dir='ltr'>dando</span> <span class='ocrx_word' id='word_1_125' title='bbox 292 1761 321 1811; x_wconf 88' lang='lat' dir='ltr'>et</span> <span class='ocrx_word' id='word_1_126' title='bbox 335 1755 499 1810; x_wconf 88' lang='lat' dir='ltr'>dimittendo</span> <span class='ocrx_word' id='word_1_127' title='bbox 524 1771 595 1826; x_wconf 84' lang='lat' dir='ltr'>quae</span> <span class='ocrx_word' id='word_1_128' title='bbox 613 1772 675 1810; x_wconf 88' lang='lat' dir='ltr'>mea</span> <span class='ocrx_word' id='word_1_129' title='bbox 691 1762 757 1812; x_wconf 86' lang='lat' dir='ltr'>sunt</span> <span class='ocrx_word' id='word_1_130' title='bbox 771 1755 889 1828; x_wconf 88' lang='lat' dir='ltr'>largior,</span> <span class='ocrx_word' id='word_1_131' title='bbox 914 1755 944 1809; x_wconf 86' lang='lat' dir='ltr'>in</span> <span class='ocrx_word' id='word_1_132' title='bbox 961 1756 1092 1811; x_wconf 89' lang='lat' dir='ltr'>obedien·</span> 
     </span>
     <span class='ocr_line' id='line_1_17' title="bbox 180 1839 1125 1914; baseline -0.001 -16"><span class='ocrx_word' id='word_1_133' title='bbox 180 1843 221 1898; x_wconf 86' lang='lat' dir='ltr'>tia</span> <span class='ocrx_word' id='word_1_134' title='bbox 248 1841 392 1911; x_wconf 86' lang='lat' dir='ltr'>meipsum</span> <span class='ocrx_word' id='word_1_135' title='bbox 412 1839 453 1893; x_wconf 79' lang='lat' dir='ltr'>illl</span> <span class='ocrx_word' id='word_1_136' title='bbox 479 1840 616 1895; x_wconf 66' lang='lat' dir='ltr'>subiiciet</span> <span class='ocrx_word' id='word_1_137' title='bbox 655 1843 725 1897; x_wconf 82' lang='lat' dir='ltr'>Ana</span> <span class='ocrx_word' id='word_1_138' title='bbox 761 1841 832 1897; x_wconf 80' lang='lat' dir='ltr'>Cum</span> <span class='ocrx_word' id='word_1_139' title='bbox 858 1841 951 1896; x_wconf 83' lang='lat' dir='ltr'>reddis</span> <span class='ocrx_word' id='word_1_140' title='bbox 975 1843 1125 1914; x_wconf 85' lang='lat' dir='ltr'>aliquid,6</span> 
     </span>
     <span class='ocr_line' id='line_1_18' title="bbox 183 1924 1090 1998; baseline 0 -16"><span class='ocrx_word' id='word_1_141' title='bbox 183 1929 258 1998; x_wconf 87' lang='lat' dir='ltr'>quod</span> <span class='ocrx_word' id='word_1_142' title='bbox 277 1927 362 1984; x_wconf 88' lang='lat' dir='ltr'>debes</span> <span class='ocrx_word' id='word_1_143' title='bbox 379 1926 441 1981; x_wconf 92' lang='lat' dir='ltr'>Deo</span> <span class='ocrx_word' id='word_1_144' title='bbox 460 1924 568 1980; x_wconf 85' lang='lat' dir='ltr'>etiamsi</span> <span class='ocrx_word' id='word_1_145' title='bbox 592 1942 648 1980; x_wconf 89' lang='lat' dir='ltr'>non</span> <span class='ocrx_word' id='word_1_146' title='bbox 673 1927 808 1997; x_wconf 79' lang='lat' dir='ltr'>peccasti,</span> <span class='ocrx_word' id='word_1_147' title='bbox 834 1944 891 1982; x_wconf 89' lang='lat' dir='ltr'>non</span> <span class='ocrx_word' id='word_1_148' title='bbox 912 1927 997 1982; x_wconf 90' lang='lat' dir='ltr'>debes</span> <span class='ocrx_word' id='word_1_149' title='bbox 1018 1944 1090 1982; x_wconf 90' lang='lat' dir='ltr'>com·</span> 
     </span>
     <span class='ocr_line' id='line_1_19' title="bbox 181 2011 1123 2084; baseline 0.004 -18"><span class='ocrx_word' id='word_1_150' title='bbox 181 2018 281 2084; x_wconf 83' lang='lat' dir='ltr'>putare</span> <span class='ocrx_word' id='word_1_151' title='bbox 298 2013 351 2068; x_wconf 86' lang='lat' dir='ltr'>hoc</span> <span class='ocrx_word' id='word_1_152' title='bbox 367 2028 418 2082; x_wconf 86' lang='lat' dir='ltr'>pro</span> <span class='ocrx_word' id='word_1_153' title='bbox 435 2011 537 2079; x_wconf 88' lang='lat' dir='ltr'>debito,</span> <span class='ocrx_word' id='word_1_154' title='bbox 565 2011 640 2082; x_wconf 92' lang='lat' dir='ltr'>quod</span> <span class='ocrx_word' id='word_1_155' title='bbox 657 2012 742 2069; x_wconf 87' lang='lat' dir='ltr'>debes</span> <span class='ocrx_word' id='word_1_156' title='bbox 761 2029 812 2082; x_wconf 86' lang='lat' dir='ltr'>pro</span> <span class='ocrx_word' id='word_1_157' title='bbox 830 2017 955 2082; x_wconf 85' lang='lat' dir='ltr'>peccato.</span> <span class='ocrx_word' id='word_1_158' title='bbox 991 2011 1123 2071; x_wconf 81' lang='lat' dir='ltr'>Omnia&#39;l</span> 
     </span>
     <span class='ocr_line' id='line_1_20' title="bbox 180 2094 1090 2168; baseline 0.001 -16"><span class='ocrx_word' id='word_1_159' title='bbox 180 2102 276 2152; x_wconf 85' lang='lat' dir='ltr'>autem</span> <span class='ocrx_word' id='word_1_160' title='bbox 295 2095 350 2150; x_wconf 86' lang='lat' dir='ltr'>ista</span> <span class='ocrx_word' id='word_1_161' title='bbox 373 2097 457 2151; x_wconf 89' lang='lat' dir='ltr'>debes</span> <span class='ocrx_word' id='word_1_162' title='bbox 477 2096 553 2165; x_wconf 88' lang='lat' dir='ltr'>Deo,</span> <span class='ocrx_word' id='word_1_163' title='bbox 575 2111 647 2166; x_wconf 86' lang='lat' dir='ltr'>quae</span> <span class='ocrx_word' id='word_1_164' title='bbox 664 2094 741 2149; x_wconf 85' lang='lat' dir='ltr'>dicis.</span> <span class='ocrx_word' id='word_1_165' title='bbox 776 2095 885 2149; x_wconf 82' lang='lat' dir='ltr'>Tantus</span> <span class='ocrx_word' id='word_1_166' title='bbox 905 2112 1024 2168; x_wconf 88' lang='lat' dir='ltr'>namque</span> <span class='ocrx_word' id='word_1_167' title='bbox 1044 2097 1090 2152; x_wconf 83' lang='lat' dir='ltr'>de</span> 
     </span>
     <span class='ocr_line' id='line_1_21' title="bbox 182 2180 1092 2254; baseline -0.001 -15"><span class='ocrx_word' id='word_1_168' title='bbox 182 2184 230 2239; x_wconf 90' lang='lat' dir='ltr'>bet</span> <span class='ocrx_word' id='word_1_169' title='bbox 249 2199 310 2237; x_wconf 85' lang='lat' dir='ltr'>esse</span> <span class='ocrx_word' id='word_1_170' title='bbox 326 2181 356 2235; x_wconf 91' lang='lat' dir='ltr'>in</span> <span class='ocrx_word' id='word_1_171' title='bbox 372 2180 425 2235; x_wconf 88' lang='lat' dir='ltr'>hac</span> <span class='ocrx_word' id='word_1_172' title='bbox 444 2182 553 2236; x_wconf 80' lang='lat' dir='ltr'>mortali</span> <span class='ocrx_word' id='word_1_173' title='bbox 569 2181 628 2236; x_wconf 87' lang='lat' dir='ltr'>vita</span> <span class='ocrx_word' id='word_1_174' title='bbox 649 2197 742 2249; x_wconf 83' lang='lat' dir='ltr'>amor,</span> <span class='ocrx_word' id='word_1_175' title='bbox 767 2185 796 2234; x_wconf 90' lang='lat' dir='ltr'>et</span> <span class='ocrx_word' id='word_1_176' title='bbox 813 2180 850 2234; x_wconf 83' lang='lat' dir='ltr'>ad</span> <span class='ocrx_word' id='word_1_177' title='bbox 874 2181 948 2252; x_wconf 87' lang='lat' dir='ltr'>quod</span> <span class='ocrx_word' id='word_1_178' title='bbox 970 2183 1092 2254; x_wconf 88' lang='lat' dir='ltr'>pe1tinct</span> 
     </span>
     <span class='ocr_line' id='line_1_22' title="bbox 182 2265 1090 2337; baseline 0 -13"><span class='ocrx_word' id='word_1_179' title='bbox 182 2268 282 2333; x_wconf 68' lang='lat' dir='ltr'>oratio,</span> <span class='ocrx_word' id='word_1_180' title='bbox 309 2266 475 2324; x_wconf 88' lang='lat' dir='ltr'>desiderium</span> <span class='ocrx_word' id='word_1_181' title='bbox 494 2265 674 2337; x_wconf 81' lang='lat' dir='ltr'>perveniendi</span> <span class='ocrx_word' id='word_1_182' title='bbox 690 2265 773 2318; x_wconf 89' lang='lat' dir='ltr'>adid</span> <span class='ocrx_word' id='word_1_183' title='bbox 790 2265 827 2318; x_wconf 86' lang='lat' dir='ltr'>ad</span> <span class='ocrx_word' id='word_1_184' title='bbox 848 2268 923 2337; x_wconf 88' lang='lat' dir='ltr'>quod</span> <span class='ocrx_word' id='word_1_185' title='bbox 941 2267 1032 2324; x_wconf 81' lang='lat' dir='ltr'>factus</span> <span class='ocrx_word' id='word_1_186' title='bbox 1052 2286 1090 2335; x_wconf 83' lang='lat' dir='ltr'>es,</span> 
     </span>
     <span class='ocr_line' id='line_1_23' title="bbox 182 2349 1091 2432; baseline -0.001 -22"><span class='ocrx_word' id='word_1_187' title='bbox 182 2359 212 2410; x_wconf 91' lang='lat' dir='ltr'>et</span> <span class='ocrx_word' id='word_1_188' title='bbox 230 2355 309 2411; x_wconf 90' lang='lat' dir='ltr'>dolor</span> <span class='ocrx_word' id='word_1_189' title='bbox 327 2353 393 2432; x_wconf 84' lang='lat' dir='ltr'>quia</span> <span class='ocrx_word' id='word_1_190' title='bbox 410 2353 534 2407; x_wconf 88' lang='lat' dir='ltr'>nondum</span> <span class='ocrx_word' id='word_1_191' title='bbox 551 2350 591 2405; x_wconf 91' lang='lat' dir='ltr'>ibi</span> <span class='ocrx_word' id='word_1_192' title='bbox 609 2367 647 2419; x_wconf 88' lang='lat' dir='ltr'>es,</span> <span class='ocrx_word' id='word_1_193' title='bbox 668 2353 696 2405; x_wconf 89' lang='lat' dir='ltr'>et</span> <span class='ocrx_word' id='word_1_194' title='bbox 713 2349 796 2404; x_wconf 89' lang='lat' dir='ltr'>timor</span> <span class='ocrx_word' id='word_1_195' title='bbox 815 2367 850 2405; x_wconf 90' lang='lat' dir='ltr'>ne</span> <span class='ocrx_word' id='word_1_196' title='bbox 863 2369 919 2407; x_wconf 91' lang='lat' dir='ltr'>non</span> <span class='ocrx_word' id='word_1_197' title='bbox 935 2354 1091 2425; x_wconf 85' lang='lat' dir='ltr'>pervenias,</span> 
     </span>
     <span class='ocr_line' id='line_1_24' title="bbox 182 2435 1091 2509; baseline -0.002 -13"><span class='ocrx_word' id='word_1_198' title='bbox 182 2447 214 2496; x_wconf 92' lang='lat' dir='ltr'>ut</span> <span class='ocrx_word' id='word_1_199' title='bbox 231 2441 338 2495; x_wconf 83' lang='lat' dir='ltr'>nullam</span> <span class='ocrx_word' id='word_1_200' title='bbox 356 2437 490 2494; x_wconf 83' lang='lat' dir='ltr'>laetitiam</span> <span class='ocrx_word' id='word_1_201' title='bbox 509 2436 611 2492; x_wconf 70' lang='lat' dir='ltr'>sentim</span> <span class='ocrx_word' id='word_1_202' title='bbox 629 2435 732 2490; x_wconf 85' lang='lat' dir='ltr'>debeas</span> <span class='ocrx_word' id='word_1_203' title='bbox 750 2435 804 2490; x_wconf 90' lang='lat' dir='ltr'>nisi</span> <span class='ocrx_word' id='word_1_204' title='bbox 821 2437 857 2492; x_wconf 89' lang='lat' dir='ltr'>de</span> <span class='ocrx_word' id='word_1_205' title='bbox 872 2437 930 2507; x_wconf 86' lang='lat' dir='ltr'>his,</span> <span class='ocrx_word' id='word_1_206' title='bbox 949 2455 1021 2509; x_wconf 85' lang='lat' dir='ltr'>quae</span> <span class='ocrx_word' id='word_1_207' title='bbox 1038 2439 1091 2494; x_wconf 88' lang='lat' dir='ltr'>tibi</span> 
     </span>
     <span class='ocr_line' id='line_1_25' title="bbox 182 2521 1125 2593; baseline 0.001 -13"><span class='ocrx_word' id='word_1_208' title='bbox 182 2531 232 2581; x_wconf 90' lang='lat' dir='ltr'>aut</span> <span class='ocrx_word' id='word_1_209' title='bbox 249 2525 384 2582; x_wconf 87' lang='lat' dir='ltr'>auxilium</span> <span class='ocrx_word' id='word_1_210' title='bbox 403 2528 452 2578; x_wconf 86' lang='lat' dir='ltr'>aut</span> <span class='ocrx_word' id='word_1_211' title='bbox 469 2539 546 2593; x_wconf 88' lang='lat' dir='ltr'>spem</span> <span class='ocrx_word' id='word_1_212' title='bbox 566 2521 635 2575; x_wconf 89' lang='lat' dir='ltr'>dant</span> <span class='ocrx_word' id='word_1_213' title='bbox 651 2521 839 2592; x_wconf 86' lang='lat' dir='ltr'>perveniendi.</span> <span class='ocrx_word' id='word_1_214' title='bbox 865 2523 930 2578; x_wconf 83' lang='lat' dir='ltr'>Nou</span> <span class='ocrx_word' id='word_1_215' title='bbox 949 2524 1023 2578; x_wconf 88' lang='lat' dir='ltr'>enim</span> <span class='ocrx_word' id='word_1_216' title='bbox 1034 2541 1090 2579; x_wconf 92' lang='lat' dir='ltr'>me·</span> <span class='ocrx_word' id='word_1_217' title='bbox 1109 2531 1125 2582; x_wconf 83' lang='grc'>8</span> 
     </span>
     <span class='ocr_line' id='line_1_26' title="bbox 183 2606 1092 2680; baseline 0 -16"><span class='ocrx_word' id='word_1_218' title='bbox 183 2612 251 2665; x_wconf 84' lang='lat' dir='ltr'>reris</span> <span class='ocrx_word' id='word_1_219' title='bbox 269 2611 386 2680; x_wconf 89' lang='lat' dir='ltr'>babere,</span> <span class='ocrx_word' id='word_1_220' title='bbox 411 2609 486 2680; x_wconf 91' lang='lat' dir='ltr'>quod</span> <span class='ocrx_word' id='word_1_221' title='bbox 505 2625 561 2663; x_wconf 86' lang='lat' dir='ltr'>non</span> <span class='ocrx_word' id='word_1_222' title='bbox 579 2606 731 2662; x_wconf 71' lang='lat' dir='ltr'>meandum</span> <span class='ocrx_word' id='word_1_223' title='bbox 749 2608 884 2679; x_wconf 87' lang='lat' dir='ltr'>quod-est</span> <span class='ocrx_word' id='word_1_224' title='bbox 903 2625 980 2664; x_wconf 83' lang='lat' dir='ltr'>amas</span> <span class='ocrx_word' id='word_1_225' title='bbox 998 2610 1092 2664; x_wconf 87' lang='lat' dir='ltr'>etde-</span> 
     </span>
     <span class='ocr_line' id='line_1_27' title="bbox 184 2692 1092 2765; baseline 0.001 -16"><span class='ocrx_word' id='word_1_226' title='bbox 184 2697 296 2765; x_wconf 81' lang='lat' dir='ltr'>sideras,</span> <span class='ocrx_word' id='word_1_227' title='bbox 318 2702 346 2751; x_wconf 89' lang='lat' dir='ltr'>et</span> <span class='ocrx_word' id='word_1_228' title='bbox 365 2695 400 2750; x_wconf 90' lang='lat' dir='ltr'>de</span> <span class='ocrx_word' id='word_1_229' title='bbox 419 2709 483 2764; x_wconf 89' lang='lat' dir='ltr'>quo,</span> <span class='ocrx_word' id='word_1_230' title='bbox 508 2693 574 2764; x_wconf 86' lang='lat' dir='ltr'>quia</span> <span class='ocrx_word' id='word_1_231' title='bbox 590 2693 713 2748; x_wconf 88' lang='lat' dir='ltr'>nondum</span> <span class='ocrx_word' id='word_1_232' title='bbox 730 2692 817 2748; x_wconf 84' lang='lat' dir='ltr'>habes</span> <span class='ocrx_word' id='word_1_233' title='bbox 841 2699 870 2748; x_wconf 92' lang='lat' dir='ltr'>et</span> <span class='ocrx_word' id='word_1_234' title='bbox 889 2694 981 2750; x_wconf 87' lang='lat' dir='ltr'>adhuc</span> <span class='ocrx_word' id='word_1_235' title='bbox 998 2701 1092 2750; x_wconf 90' lang='lat' dir='ltr'>utrum</span> 
     </span>
    </p>
   </div>
   <div class='ocr_carea' id='block_1_3' title="bbox 105 2777 1238 2935">
    <p class='ocr_par' dir='ltr' id='par_1_3' title="bbox 105 2777 1238 2935">
     <span class='ocr_line' id='line_1_28' title="bbox 105 2777 1092 2848; baseline 0.001 -13"><span class='ocrx_word' id='word_1_236' title='bbox 105 2791 107 2794; x_wconf 84' lang='grc'><strong><em>·</em></strong></span> <span class='ocrx_word' id='word_1_237' title='bbox 182 2781 327 2836; x_wconf 88' lang='lat' dir='ltr'>habiturus</span> <span class='ocrx_word' id='word_1_238' title='bbox 354 2780 390 2834; x_wconf 83' lang='lat' dir='ltr'>sis</span> <span class='ocrx_word' id='word_1_239' title='bbox 418 2795 455 2834; x_wconf 88' lang='lat' dir='ltr'>an</span> <span class='ocrx_word' id='word_1_240' title='bbox 479 2794 535 2832; x_wconf 90' lang='lat' dir='ltr'>non</span> <span class='ocrx_word' id='word_1_241' title='bbox 556 2777 586 2832; x_wconf 88' lang='lat' dir='ltr'>in</span> <span class='ocrx_word' id='word_1_242' title='bbox 609 2783 688 2834; x_wconf 87' lang='lat' dir='ltr'>tanto</span> <span class='ocrx_word' id='word_1_243' title='bbox 711 2793 743 2831; x_wconf 88' lang='lat' dir='ltr'>es</span> <span class='ocrx_word' id='word_1_244' title='bbox 765 2777 902 2848; x_wconf 83' lang='lat' dir='ltr'>periculo,</span> <span class='ocrx_word' id='word_1_245' title='bbox 925 2796 981 2834; x_wconf 90' lang='lat' dir='ltr'>non</span> <span class='ocrx_word' id='word_1_246' title='bbox 1006 2780 1092 2836; x_wconf 83' lang='lat' dir='ltr'>doles.</span> 
     </span>
     <span class='ocr_line' id='line_1_29' title="bbox 182 2863 1238 2935; baseline 0.007 -18"><span class='ocrx_word' id='word_1_247' title='bbox 182 2863 230 2918; x_wconf 87' lang='lat' dir='ltr'>Ad</span> <span class='ocrx_word' id='word_1_248' title='bbox 248 2865 323 2935; x_wconf 90' lang='lat' dir='ltr'>quod</span> <span class='ocrx_word' id='word_1_249' title='bbox 341 2864 425 2918; x_wconf 90' lang='lat' dir='ltr'>etiam</span> <span class='ocrx_word' id='word_1_250' title='bbox 450 2865 583 2935; x_wconf 87' lang='lat' dir='ltr'>pertinet,</span> <span class='ocrx_word' id='word_1_251' title='bbox 607 2863 729 2934; x_wconf 87' lang='lat' dir='ltr'>quietem</span> <span class='ocrx_word' id='word_1_252' title='bbox 753 2868 781 2918; x_wconf 89' lang='lat' dir='ltr'>et</span> <span class='ocrx_word' id='word_1_253' title='bbox 799 2863 995 2922; x_wconf 84' lang='lat' dir='ltr'>delectationes</span> <span class='ocrx_word' id='word_1_254' title='bbox 1012 2884 1091 2921; x_wconf 87' lang='lat' dir='ltr'>mun·</span> <span class='ocrx_word' id='word_1_255' title='bbox 1108 2874 1124 2924; x_wconf 88' lang='grc'>9</span> <span class='ocrx_word' id='word_1_256' title='bbox 1236 2895 1238 2900; x_wconf 95' lang='lat'>·</span> 
     </span>
    </p>
   </div>
   <div class='ocr_carea' id='block_1_4' title="bbox 182 2948 1143 3278">
    <p class='ocr_par' dir='ltr' id='par_1_4' title="bbox 182 2948 1143 3278">
     <span class='ocr_line' id='line_1_30' title="bbox 184 2948 1090 3020; baseline 0.003 -17"><span class='ocrx_word' id='word_1_257' title='bbox 184 2948 283 3018; x_wconf 84' lang='lat' dir='ltr'>danes,</span> <span class='ocrx_word' id='word_1_258' title='bbox 307 2966 379 3018; x_wconf 89' lang='lat' dir='ltr'>quae</span> <span class='ocrx_word' id='word_1_259' title='bbox 395 2950 518 3004; x_wconf 86' lang='lat' dir='ltr'>animum</span> <span class='ocrx_word' id='word_1_260' title='bbox 533 2948 569 3002; x_wconf 87' lang='lat' dir='ltr'>ab</span> <span class='ocrx_word' id='word_1_261' title='bbox 587 2948 637 3002; x_wconf 89' lang='lat' dir='ltr'>illa</span> <span class='ocrx_word' id='word_1_262' title='bbox 654 2964 721 3003; x_wconf 86' lang='lat' dir='ltr'>vera</span> <span class='ocrx_word' id='word_1_263' title='bbox 742 2949 835 3020; x_wconf 88' lang='lat' dir='ltr'>quiete</span> <span class='ocrx_word' id='word_1_264' title='bbox 856 2955 884 3006; x_wconf 90' lang='lat' dir='ltr'>et</span> <span class='ocrx_word' id='word_1_265' title='bbox 908 2951 1090 3008; x_wconf 87' lang='lat' dir='ltr'>delectatione</span> 
     </span>
     <span class='ocr_line' id='line_1_31' title="bbox 183 3033 1091 3106; baseline 0.002 -18"><span class='ocrx_word' id='word_1_266' title='bbox 183 3040 327 3103; x_wconf 85' lang='lat' dir='ltr'>revocant,</span> <span class='ocrx_word' id='word_1_267' title='bbox 356 3035 463 3106; x_wconf 80' lang='lat' dir='ltr'>fugere,</span> <span class='ocrx_word' id='word_1_268' title='bbox 495 3033 550 3088; x_wconf 87' lang='lat' dir='ltr'>nisi</span> <span class='ocrx_word' id='word_1_269' title='bbox 580 3040 715 3105; x_wconf 87' lang='lat' dir='ltr'>quantum</span> <span class='ocrx_word' id='word_1_270' title='bbox 744 3035 781 3089; x_wconf 89' lang='lat' dir='ltr'>ad</span> <span class='ocrx_word' id='word_1_271' title='bbox 813 3035 993 3091; x_wconf 87' lang='lat' dir='ltr'>intentionem</span> <span class='ocrx_word' id='word_1_272' title='bbox 1024 3035 1091 3090; x_wconf 89' lang='lat' dir='ltr'>illuc</span> 
     </span>
     <span class='ocr_line' id='line_1_32' title="bbox 182 3117 1143 3194; baseline -0.002 -19"><span class='ocrx_word' id='word_1_273' title='bbox 182 3119 363 3194; x_wconf 86' lang='lat' dir='ltr'>perveniendi</span> <span class='ocrx_word' id='word_1_274' title='bbox 387 3119 532 3192; x_wconf 84' lang='lat' dir='ltr'>cognoscis</span> <span class='ocrx_word' id='word_1_275' title='bbox 556 3117 691 3176; x_wconf 81' lang='lat' dir='ltr'>sufficere.</span> <span class='ocrx_word' id='word_1_276' title='bbox 726 3121 876 3177; x_wconf 87' lang='lat' dir='ltr'>Dationem</span> <span class='ocrx_word' id='word_1_277' title='bbox 900 3137 966 3175; x_wconf 86' lang='lat' dir='ltr'>vcro</span> <span class='ocrx_word' id='word_1_278' title='bbox 987 3119 1028 3174; x_wconf 85' lang='lat' dir='ltr'>ita</span> <span class='ocrx_word' id='word_1_279' title='bbox 1044 3119 1091 3175; x_wconf 89' lang='lat' dir='ltr'>de·</span> <span class='ocrx_word' id='word_1_280' title='bbox 1111 3122 1143 3174; x_wconf 87' lang='lat'>10</span> 
     </span>
     <span class='ocr_line' id='line_1_33' title="bbox 183 3204 1093 3278; baseline 0 -16"><span class='ocrx_word' id='word_1_281' title='bbox 183 3205 234 3262; x_wconf 86' lang='lat' dir='ltr'>bes</span> <span class='ocrx_word' id='word_1_282' title='bbox 254 3205 430 3260; x_wconf 83' lang='lat' dir='ltr'>considerare</span> <span class='ocrx_word' id='word_1_283' title='bbox 446 3211 474 3266; x_wconf 90' lang='lat' dir='ltr'>te</span> <span class='ocrx_word' id='word_1_284' title='bbox 492 3205 584 3261; x_wconf 82' lang='lat' dir='ltr'>facere</span> <span class='ocrx_word' id='word_1_285' title='bbox 604 3219 637 3262; x_wconf 86' lang='lat' dir='ltr'>ex</span> <span class='ocrx_word' id='word_1_286' title='bbox 656 3205 758 3276; x_wconf 89' lang='lat' dir='ltr'>debito,</span> <span class='ocrx_word' id='word_1_287' title='bbox 776 3205 849 3263; x_wconf 88' lang='lat' dir='ltr'>sicut</span> <span class='ocrx_word' id='word_1_288' title='bbox 866 3204 1008 3276; x_wconf 79' lang='lat' dir='ltr'>intelligis,</span> <span class='ocrx_word' id='word_1_289' title='bbox 1026 3205 1093 3278; x_wconf 87' lang='lat' dir='ltr'>quia</span> 
     </span>
    </p>
   </div>
   <div class='ocr_carea' id='block_1_5' title="bbox 256 3360 621 3432">
    <p class='ocr_par' dir='ltr' id='par_1_5' title="bbox 256 3360 621 3432">
     <span class='ocr_line' id='line_1_34' title="bbox 256 3360 621 3432; baseline -0.008 -15"><span class='ocrx_word' id='word_1_290' title='bbox 256 3363 279 3430; x_wconf 83' lang='lat'>1)</span> <span class='ocrx_word' id='word_1_291' title='bbox 298 3360 372 3417; x_wconf 89' lang='lat' dir='ltr'>Vide</span> <span class='ocrx_word' id='word_1_292' title='bbox 389 3375 473 3432; x_wconf 83' lang='lat' dir='ltr'>supra</span> <span class='ocrx_word' id='word_1_293' title='bbox 491 3377 514 3414; x_wconf 85' lang='lat' dir='ltr'>c.</span> <span class='ocrx_word' id='word_1_294' title='bbox 538 3364 577 3428; x_wconf 83' lang='lat'>12,</span> <span class='ocrx_word' id='word_1_295' title='bbox 598 3365 621 3416; x_wconf 86' lang='grc'>3.</span> 
     </span>
    </p>
   </div>
   <div class='ocr_carea' id='block_1_6' title="bbox 0 0 1322 3806">
    <p class='ocr_par' dir='ltr' id='par_1_6' title="bbox 0 0 1322 3806">
     <span class='ocr_line' id='line_1_35' title="bbox 0 0 1322 3806; baseline 0 0"><span class='ocrx_word' id='word_1_296' title='bbox 0 0 1322 3806; x_wconf 95' lang='lat' dir='ltr'> </span> 
     </span>
    </p>
   </div>
  </div>
 </body>
</html>
