2636 3806
246 1046 286 1192 S.
321 1045 553 1164 ANSELMI
596 1041 1020 1162 CANTUARIENSIS

446 1277 818 1352 LIBERPRIMUS

320 1462 456 1530 OUR
502 1461 694 1528 DEUS
739 1459 946 1528 HOMO.

256 1766 295 1850 1ο
348 1770 448 1870 Saepe
467 1804 497 1856 et
520 1801 721 1856 studiosissime
745 1814 763 1852 a
780 1795 875 1851 multis
892 1799 1007 1866 rogatus
1025 1809 1087 1872 snm
1106 1789 1119 1842 1

177 1887 207 1935 et
227 1882 319 1937 verbis
342 1890 371 1940 ct
397 1884 499 1954 literis,
528 1892 665 1957 quatenus
691 1883 836 1939 cuiusdam
862 1881 1031 1952 quaestionis
1051 1880 1086 1936 dc

176 1964 234 2020 fide
259 1973 353 2022 nostra
379 1969 515 2040 rationes,
543 1987 613 2042 quas
641 1969 715 2024 soleo
741 1967 909 2037 respondere
931 1964 1087 2036 quaerenti·

176 2050 239 2120 bus,
257 2055 404 2111 memoriae
421 2055 567 2111 scribendo
584 2053 815 2120 commcndsm31)
834 2050 932 2104 dicunt
944 2049 1019 2104 enim
1029 2047 1085 2104 sibi

175 2135 289 2206 placare
320 2153 366 2192 cas
398 2144 427 2193 et
459 2141 629 2198 arbitrantur
658 2138 826 2194 satisfacere.
871 2133 951 2198 Quod
975 2132 1122 2205 poturas

175 2236 233 2274 non
258 2226 291 2275 ut
313 2238 364 2292 per
387 2225 523 2280 rationem
542 2227 579 2280 ad
597 2224 682 2278 fidem
701 2221 848 2288 accedant,
874 2219 924 2274 sed
941 2224 973 2275 ut
990 2237 1085 2276 corum

178 2321 250 2377 quae
274 2306 393 2362 credunt
416 2308 565 2365 intellectu·
584 2316 612 2364 et
641 2304 873 2375 contemplatione
892 2305 1085 2376 {delectantem

177 2396 205 2446 et
229 2396 261 2446 ut
286 2391 354 2461 sint,
387 2399 522 2464 quantum
546 2397 679 2466 possunt,
702 2389 794 2461 parati
816 2407 926 2463 semper
949 2393 985 2446 ad
1008 2391 1088 2445 satis-

176 2474 327 2534 factionem
347 2477 423 2532 cmni
447 2477 574 2549 poscenti
595 2495 625 2532 se
641 2477 777 2533 rationem
793 2477 829 2532 de
849 2495 882 2533 ea
899 2493 972 2548 quae
989 2476 1019 2530 in
1039 2491 1088 2529 no-

177 2559 221 2614 bis
248 2568 291 2617 est
316 2565 403 2633 spc.²)
450 2561 540 2627 Quam
573 2563 762 2635 quaestionem
788 2563 877 2619 solent
904 2568 931 2618 et
959 2560 1122 2615 infideles3

176 2645 257 2700 nobis
280 2647 486 2718 simplicitatem
506 2648 688 2704 christianam
705 2649 785 2721 quasi
802 2647 909 2703 fatuam
930 2645 1086 2700 deridentes

176 2729 309 2800 obiicere,
332 2737 361 2786 et
380 2731 477 2788 fideles
501 2734 582 2789 multi
599 2735 629 2788 in
649 2735 732 2790 corde
749 2749 873 2788 versare:
902 2747 958 2802 qua
976 2729 1082 2785 scilicet

176 2814 283 2871 ratione
306 2816 351 2870 vel
376 2818 542 2875 necessitate
560 2821 639 2875 Deus
666 2819 748 2875 homo
770 2819 862 2874 factus
880 2817 930 2885 sit,
954 2821 982 2871 et
999 2821 1087 2869 morto

177 2915 245 2964 sna,
270 2901 343 2955 sicut
366 2919 417 2956 nos
444 2903 583 2958 credimus
611 2910 640 2961 et
667 2904 847 2972 confitemur,
873 2901 1087 2956 mundericum

176 2981 344 3054 reddiderim
363 3002 427 3041 cum
445 2986 499 3042 hoc
516 2992 567 3041 aut
584 3005 635 3059 per
653 2988 736 3043 aliam
753 3003 909 3058 personam,
926 2986 985 3040 sive
1002 2998 1087 3052 ange

251 3173 275 3236 1)
296 3177 516 3230 commodarem
533 3175 588 3230 Aa
605 3175 638 3230 Β

249 3244 286 3306 2)
249 3239 358 3294 2.0fr
385 3247 406 3297 1.
426 3243 501 3298 Patr.
522 3251 553 3312 3,
582 3250 625 3299 15:
652 3243 758 3310 ἕτοιμοι
776 3241 820 3297 ἀεὶ
838 3239 907 3325 πρὸς
930 3237 1089 3311 ἀπολογίαν

176 3313 261 3362 παντὶ
278 3313 331 3378 τῷ
328 3311 494 3368 αἰτοῦντι
480 3314 554 3385 υμᾶς
572 3311 659 3384 λόγον
682 3317 745 3386 περὶ
766 3313 810 3379 τῆς
830 3307 894 3365 ἐν
880 3315 949 3384 spir
966 3308 1087 3372 linitae.

456 3432 460 3438 ,
916 3400 928 3449 l
