2636 3806
377 305 455 366 CUR
471 305 572 367 nicus
593 305 712 365 Hoiio.
748 307 786 363 11.
807 315 846 366 18.
869 313 909 366 lt.
1058 310 1101 377 89

197 476 250 534 cibi
266 475 386 536 debetur
403 477 452 533 alii
470 477 549 547 tare,
576 478 714 548 poteritne
734 477 820 536 Pater
836 479 896 535 iure
914 478 993 534 illum
1010 479 1101 552 prohi-

195 563 272 635 bere,
295 572 345 621 ant
361 566 410 622 alii
434 564 480 622 cui
503 558 583 621 dabit
604 562 730 634 negare?
765 567 832 620 Boe.
872 565 933 621 Inio
951 571 980 623 et
999 565 1103 622 iustum
1121 571 1153 624 ic

165 665 169 674 ·
196 659 226 708 et
248 653 433 708 necessaiinm
457 651 596 722 intelligo,
619 653 653 704 ut
678 651 724 705 cui
742 651 862 708 voluerit
878 652 946 708 daie
963 653 1066 722 Filius,
1081 669 1101 708 a

196 737 280 793 Patre
298 739 445 803 redditum
463 737 531 810 quia
548 742 577 792 et
593 735 666 790 Filio
685 737 761 807 quod
780 753 861 792 sunni
880 744 923 793 eet
940 737 1008 793 dare
1025 739 1101 808 licet,

197 829 226 880 et
242 823 328 879 Pater
349 825 425 896 quod
448 823 532 878 debet
553 839 609 877 non
626 821 680 876 nisi
699 821 747 878 alii
763 822 879 878 icdderc
896 829 995 894 potest
1030 826 1100 879 Am.
1119 829 1149 881 11

197 905 305 974 Quieti
339 908 548 965 convenientius
580 906 702 962 fluctum
737 913 766 963 et
797 908 1006 966 retributionem
1034 926 1102 966 auae

196 996 292 1050 inertia
322 994 454 1050 attribuet
462 995 482 1062 ¹)
512 1008 596 1064 qnam
620 993 690 1062 illia,
717 1001 831 1064 propter
855 1011 925 1066 quoe
953 995 1100 1052 selandos

198 1081 281 1147 (aient
296 1082 368 1136 ratio
391 1078 516 1135 veritatis
539 1095 588 1132 noa
613 1077 717 1147 docuit)
740 1079 880 1134 hominem
908 1097 938 1135 ie
963 1081 1044 1151 fecit,
1073 1092 1101 1140 et

198 1166 298 1237 quibui
324 1168 366 1234 (ut
391 1165 520 1232 diximus)
542 1163 684 1218 moriendo
705 1165 861 1236 exemplum
885 1167 1021 1222 moriendi
1038 1185 1101 1240 pro·
1163 1224 1168 1234 ‚

196 1257 258 1322 pter
290 1251 424 1308 iustitiam
456 1249 552 1306 dedit?
588 1247 693 1302 finini
723 1249 829 1319 quippe
859 1251 1010 1309 imitatores
1040 1254 1100 1310 eina

197 1343 292 1407 erint,
320 1337 344 1392 ai
371 1335 462 1392 meriti
482 1336 542 1390 cius
564 1333 715 1406 participes
738 1351 794 1388 non
821 1343 910 1391 erunt.
944 1341 1005 1396 Aut
1029 1358 1099 1413 qnos
1119 1340 1151 1391 12

5 1501 6 1522 Χ
109 1415 111 1418 ’
195 1422 295 1478 initim
314 1422 398 1478 faciet
413 1421 546 1477 haeredes
566 1419 652 1476 debiti
672 1419 866 1490 quoipsonon
881 1429 953 1494 eget,
972 1431 1000 1481 et
1015 1445 1099 1485 em.

197 1508 308 1565 dantiae
326 1525 392 1564 auae
408 1497 605 1580 plenitudinis,
619 1521 702 1576 quani
720 1514 849 1576 parentes
866 1525 931 1563 snos
948 1518 977 1566 et
990 1513 1098 1586 iratres,

145 1628 149 1633 ·
196 1613 265 1666 quoi
288 1594 388 1665 aspicit
413 1598 456 1648 tot
479 1597 509 1648 et
529 1590 614 1646 tantis
641 1591 741 1648 debitis
760 1592 897 1665 obligatos
916 1605 1041 1668 egestate
1057 1607 1099 1655 ta·

196 1680 309 1736 bcaccre
326 1682 357 1734 in
376 1679 515 1750 profundo
531 1679 718 1748 miseriarum,
744 1684 777 1733 ut
793 1681 834 1734 eie
852 1681 1007 1738 dimittatur
1024 1685 1099 1756 quod

196 1765 385 1836 propeccatis
404 1766 520 1836 debent,
541 1772 571 1820 et
590 1765 672 1820 detur
688 1782 743 1836 quo
759 1773 873 1837 propter
889 1776 1035 1839 peccatum
1054 1787 1100 1826 ca·
1178 1815 1179 1820 ,

196 1850 277 1906 renti
313 1855 383 1906 Boe.
400 1851 479 1908 Nihil
496 1850 701 1922 rationabilius,
718 1852 788 1908 nihil
805 1853 921 1925 dulcius,
939 1856 1008 1910 nihil
1029 1857 1099 1913 deai-
1118 1858 1149 1910 13

197 1937 347 1992 derabiliui
372 1936 491 1991 mundus
515 1935 612 1992 audire
641 1942 741 2006 potent.
787 1938 1014 2012 Ego-*quideme
1039 1949 1100 1996 tan·

196 2027 254 2075 tam
275 2021 407 2077 fiduciam
429 2024 463 2078 e'x
488 2022 542 2077 hoc
564 2021 705 2092 concipio,
732 2024 835 2078 utiam
855 2025 947 2081 dicere
963 2044 1019 2082 non
1036 2041 1100 2096 pos-

197 2108 257 2179 aim,
283 2113 388 2182 quanto
413 2107 517 2180 gaudio
544 2107 649 2162 exultet
674 2125 722 2162 coi·
747 2115 847 2165 meum.
882 2111 1002 2168 Videtur
1027 2113 1099 2169 enim

197 2195 278 2263 mihi,
304 2196 378 2266 qued
405 2195 513 2250 nullum
539 2192 676 2249 hominem
700 2193 808 2250 reliciat
834 2196 912 2252 Daui
933 2199 970 2252 ad
993 2217 1023 2256 se
1046 2202 1099 2257 iub

196 2280 251 2337 hoc
267 2282 376 2338 nominc
394 2281 578 2337 accedentem.
613 2281 683 2336 Aac.
712 2275 759 2337 Ita'
777 2287 845 2356 eat,¹
857 2283 881 2337 ii
899 2285 1008 2341 accedit
1027 2286 1100 2342 sicut
1119 2285 1151 2336 ii

197 2374 312 2438 oportet
353 2367 591 2433 Quemadmodum
598 2369 619 2434 ³)
644 2371 738 2422 autem
760 2367 797 2422 ait
818 2367 855 2422 ad
877 2375 973 2426 tantae
993 2371 1100 2444 gratim

268 2623 294 2692 1)
313 2623 473 2676 acceiae
491 2622 524 2677 B.

266 2693 292 2760 i)
348 2691 421 2746 idem
437 2692 545 2747 Aabc
562 2689 587 2746 B
605 2691 630 2746 E
646 2691 698 2747 Fa
715 2721 752 2730 -
769 2691 872 2762 quippe
908 2693 1007 2764 enim).

267 2761 295 2843 3)
311 2709 521 2842 ἓωοὶωιιι,
546 2779 632 2833 quum
647 2760 711 2842 ¹¹9⁰.
723 2759 753 2814 in
773 2777 856 2842 ppere
875 2778 892 2816 o
912 2759 1041 2818 iectivam
1057 2779 1099 2819 ie·

197 2829 397 2885 conciliationis
419 2835 528 2901 partem
554 2834 688 2902 spectarit
702 2829 910 2899 inquirendam,
936 2847 992 2886 non
1009 2832 1100 2903 potuit

197 2916 253 2954 non
277 2898 367 2954 obiter
389 2905 498 2954 tantum
524 2898 711 2968 perstringere
737 2897 927 2967 quaestionem
951 2897 985 2955 de
1010 2899 1099 2970 appli-

196 2968 305 3022 catione
333 2974 362 3022 et
391 2967 602 3050 participatione
630 2964 738 3088 {etiae
766 2983 817 3036 per
844 2973 960 3023 mortem
987 2967 1100 3022 Domini
1165 3007 1169 3020 .

196 3036 262 3091 Ieau
275 3035 377 3092 Christi
396 3042 547 3108 acquisitae
573 3051 629 3108 qua
661 3051 766 3090 omines
783 3044 989 3108 consequuntur
1005 3037 1099 3092 remia·

196 3104 302 3161 aionem
355 3111 503 3161 coetorum,
533 3076 588 3160 dn.
608 3104 643 3160 de
660 3101 716 3158 fide
733 3101 854 3160 humina
873 3111 901 3161 et
918 3104 1099 3176 imputatione

197 3174 292 3230 divina
333 3192 364 3230 oi
385 3175 473 3230 locor:
500 3173 562 3229 Iiib.
581 3173 604 3229 Ι.
622 3191 646 3230 c.
665 3176 708 3242 2⁰,
728 3178 760 3228 16
784 3171 927 3246 [,oredemt
944 3173 974 3229 in
992 3171 1098 3248 euin“];

195 3243 259 3300 Lib.
281 3243 320 3299 Π.
346 3261 368 3298 c.
394 3249 465 3310 lta,
494 3249 542 3305 193
565 3260 592 3299 c.
610 3248 656 3314 19,
683 3247 723 3298 11.
748 3239 875 3316 [„quibui
892 3243 1099 3300 convenientius

263 3320 319 3366 twm
339 3319 368 3368 ct
383 3313 590 3367 rouibiitioriem
607 3329 673 3368 suae
688 3312 786 3366 mortio
803 3312 934 3368 acnioet
966 3330 1049 3384 quam
1066 3311 1099 3367 il-

209 3379 239 3451 ',
264 3389 379 3453 propter
397 3398 465 3453 quos
482 3381 628 3438 salvandos
647 3380 786 3437 hominem
805 3396 834 3434 ic
851 3352 953 3454 fecici]
971 3387 1000 3438 et
1014 3397 1038 3436 c.
1056 3385 1099 3451 ⁸20,
