2636 3806
386 310 464 369 cun
481 308 583 368 osus
601 307 720 365 nouo.
756 308 779 364 1.
800 314 824 364 e.
844 315 869 365 t.
1056 309 1077 378 9

171 495 237 548 sno,
264 477 318 534 nisi
342 483 376 536 ut
403 496 522 535 sermm·
540 495 621 534 suum
650 480 769 550 puniret,
801 479 850 550 qui
872 496 924 536 suo
945 493 1078 534 conservo

173 579 347 620 communem
365 563 507 619 dominum
518 563 644 622 decuere
661 570 690 621 et
702 565 739 620 ad
753 583 783 622 ss
794 562 978 636 persuasisset
991 569 1079 619 nars-

173 647 227 717 ire,
248 664 282 704 aa
299 648 417 704 traditor
438 649 600 721 fugitivum,
629 648 675 704 fur
692 649 785 706 ¹furem
802 667 866 705 cum
882 650 957 705 furto
975 648 1079 706 domini

98 773 102 780 -
173 734 218 790 sui
240 734 427 804 suscepisset?
461 735 589 806 Uterque
611 752 733 807 namque
758 735 806 792 fur
828 741 898 804 erat,
922 753 986 790 cum
1009 735 1113 790 alter3

173 819 261 876 altero
279 820 464 890 persuadente
484 821 608 892 seipsum
626 820 738 876 domino
758 838 810 876 suo
826 820 978 877 furabatur.
1004 819 1080 885 Quid
1096 825 1114 876 4

173 905 248 962 euim
273 904 373 960 iustius
397 905 457 962 fieri
480 913 588 977 posset,
610 906 634 962 si
651 905 704 962 hoc
720 905 799 961 Deru
817 906 943 964 faceret?
977 906 1038 960 Aut
1056 904 1081 960 si

174 988 258 1046 iudex
287 991 410 1045 omnium
436 991 514 1046 Deus
543 991 684 1047 hominem
712 991 752 1047 sic
780 1009 940 1063 possessum
968 991 1004 1046 de
1031 1005 1080 1060 po

175 1081 277 1132 nsua
292 1082 351 1131 tam
368 1076 471 1132 iniuste
486 1077 663 1147 possidentis,
688 1078 734 1133 vel
754 1079 792 1133 ad
808 1076 981 1149 puniendum
1000 1071 1081 1128 illum

102 1230 104 1236 γ
173 1159 255 1216 aliter
276 1177 360 1231 quam
381 1179 433 1232 per
456 1162 597 1218 diabolum
619 1163 666 1218 rel
689 1161 726 1218 ad
748 1163 920 1234 parcendum
944 1160 1001 1230 illi,
1028 1157 1080 1214 eri·

173 1252 266 1318 peret:
294 1263 367 1318 quae
388 1247 456 1302 haec
473 1247 611 1304 iniustitia
628 1249 721 1305 esset?
756 1247 889 1313 Quemvis
907 1248 982 1303 enim
998 1245 1113 1302 homoo

173 1331 246 1386 iuste
263 1347 281 1386 a
300 1331 412 1388 diabolo
429 1339 612 1404 torqueretur,
632 1334 693 1404 ipse
709 1340 805 1390 tamen
819 1335 898 1389 illum
909 1333 1012 1388 iniuste
1024 1337 1081 1387 tor·

174 1416 286 1488 (111th
321 1416 413 1473 Homo
430 1435 552 1490 namque
568 1426 719 1490 meruerat,
743 1425 775 1475 ut
791 1420 950 1491 puniretur,
972 1434 1025 1473 nec
1042 1413 1079 1472 ab

173 1503 231 1558 ullo
248 1503 457 1560 convenientius
475 1521 560 1575 quarn
577 1503 613 1559 ab
631 1504 688 1573 illo,
706 1504 753 1560 cui
769 1510 947 1560 consenserat
964 1508 997 1560 ut
1015 1519 1080 1575 pec·

174 1595 259 1647 caret.
293 1588 409 1644 Diaboli
430 1607 496 1646 vero
513 1591 647 1647 ‘meritum
672 1591 781 1647 nubum
804 1596 878 1660 erat,
899 1596 931 1646 ut
953 1589 1080 1661 puniret3
1097 1591 1114 1640 6

174 1673 230 1730 imo
255 1674 308 1730 hoo
334 1679 417 1731 tanto
438 1677 560 1733 faciebat
585 1678 727 1748 iniustius,
753 1682 857 1748 quanto
884 1691 942 1731 non
964 1674 1002 1729 ad
1026 1673 1080 1730 hoo

174 1776 268 1814 amore
285 1759 407 1816 iustitiae
426 1762 601 1833 trahebatur,
624 1765 674 1820 sed
691 1763 825 1819 instinctu
844 1760 967 1816 malitiae
983 1759 1081 1830 impel-

173 1844 291 1900 lebatur.
326 1845 399 1902 Nam
425 1845 478 1902 hoc
500 1866 556 1903 non
583 1848 706 1906 faciebat
727 1848 788 1904 Deo
811 1846 939 1916 iubente,
966 1845 1017 1900 sed
1038 1837 1113 1899 ιιι-7

174 1929 414 2000 comprehensibili
433 1933 571 2004 sapientia
594 1951 656 2006 sua,
681 1952 738 2007 qua
753 1934 829 1989 mala
847 1933 932 1988 etiam
946 1931 1019 1987 bene
1037 1948 1080 1986 or·

175 2013 268 2085 diust,
297 2016 482 2086 permittente.
522 2020 560 2075 Et
585 2027 655 2092 puto
682 2020 759 2089 illos,
789 2019 839 2089 qui
863 2015 1006 2072 diabolum
1030 2015 1114 2070 ali-8
1170 2089 1173 2098 Ι

175 2117 260 2173 quam
280 2101 428 2172 opinantur
449 2102 552 2158 habere
575 2104 605 2159 in
622 2105 789 2177 possidendo
807 2102 917 2158 homine
937 2099 1080 2170 iustitiam,

175 2186 213 2244 ad
230 2186 283 2242 hoc
300 2184 365 2240 inde
384 2186 500 2256 adduci,
524 2189 591 2260 quia
608 2191 706 2246 vident
722 2189 861 2246 hominem
878 2185 982 2241 diaboli
998 2201 1080 2242 vexa·

175 2273 244 2328 tioni
264 2271 407 2327 subiacere
429 2272 502 2326 iuste
524 2280 553 2328 et
569 2273 661 2330 Deum
683 2276 736 2330 hoc
760 2274 832 2330 iuste
850 2272 1027 2344 permittam
1052 2275 1082 2326 et

174 2357 278 2413 idcirco
301 2361 404 2428 putant
426 2355 569 2412 diabolum
593 2358 670 2414 illam
694 2359 768 2414 iusto
791 2357 901 2414 inferre.
936 2356 1082 2428 Contingit
1098 2357 1132 2413 9'

175 2443 249 2500 enim
282 2442 357 2497 idem
395 2441 502 2514 aliquid
537 2444 653 2502 dirersis
687 2443 955 2514 considerationibus
965 2445 986 2512 ¹)
1020 2459 1081 2500 esse

247 2601 272 2666 1)
296 2597 353 2653 Otr.
377 2599 522 2667 Dictoque
546 2600 581 2653 do
611 2599 732 2654 Veritate
756 2616 780 2653 c.
798 2603 828 2654 8:
864 2597 970 2667 ,Multis
991 2595 1081 2652 modis

175 2667 275 2722 eadem
297 2684 341 2721 res
364 2667 481 2739 suscipit
501 2666 618 2724 diversis
641 2637 909 2724 considerationibus
929 2665 1083 2735 contraria;
1172 2683 1175 2690 ’

177 2735 252 2808 quod
269 2736 299 2789 in
316 2735 424 2792 actione
443 2752 528 2808 saepe
544 2738 689 2809 contingit,
709 2742 742 2790 ut
760 2736 790 2790 in
800 2735 985 2804 percussione.
1015 2735 1082 2790 Per·

177 2805 269 2860 cussio
287 2821 406 2876 namque
424 2812 454 2860 et
470 2806 579 2876 agentis
597 2812 640 2861 est
658 2813 686 2860 et
703 2804 849 2875 patientis,
871 2804 991 2859 undeet
1008 2805 1082 2860 actio

178 2873 234 2954 diei
255 2874 395 2996 “dmm
421 2879 528 2945 potest;
554 2875 680 2944 quamvis
703 2873 856 2929 secundum
872 2873 964 2944 ipsum
981 2888 1083 2928 nomen

177 2948 250 2996 aeuo
266 2958 285 2995 v

177 3009 271 3066 activa
292 3011 494 3083 significatione
515 3011 661 3082 dicuutur,
684 3010 774 3083 magis
790 3010 940 3066 rideantur
955 3026 1015 3064 esse
1032 3023 1082 3078 pse

176 3078 271 3134 tientis
290 3097 374 3150 quam
391 3081 508 3152 agentis.
528 3111 561 3121 -
579 3080 650 3136 Cum
666 3086 696 3135 et
713 3079 762 3152 qui
777 3079 911 3150 percutit,
930 3084 1005 3134 recte
1020 3093 1082 3147 per·

177 3147 263 3217 cutit,
289 3154 318 3204 at
339 3148 574 3272 quingercutitur,
598 3156 674 3206 recte
691 3149 861 3222 percutiam
886 3153 918 3202 ut
935 3162 1000 3200 cum
1018 3161 1082 3216 pec·

177 3233 245 3272 cans
263 3215 299 3272 ab
324 3234 357 3272 eo
448 3235 532 3290 quem
556 3219 691 3290 pertinet,
718 3217 880 3288 corrigitur:
906 3231 940 3270 ex
964 3220 1083 3286 ubsque

176 3292 256 3356 parte
273 3292 351 3342 recta
370 3291 425 3356 est,
450 3287 516 3368 quia
536 3303 571 3342 ex
588 3294 633 3344 utr
669 3305 706 3343 ue
723 3291 803 3367 parte
824 3284 907 3340 debet
925 3299 997 3352 esse,
1020 3299 1082 3365 per·

176 3354 275 3411 cuseio.
311 3355 497 3425 Econtrarso,
514 3355 625 3428 quaudo
645 3373 663 3410 a
699 3355 795 3424 iniquo
813 3353 903 3408 iustus
920 3356 1082 3423 parcuntur,

328 2943 483 3013 percussio,
502 2947 531 2998 et
548 2959 619 3014 quae
638 2942 765 2997 similiter
783 2941 860 2996 dicta
876 2959 894 2998 a
911 2941 1030 3013 passivis
1052 2940 1082 2994 iu
