2636 3806
260 253 302 348 ἑο
442 279 471 336 s.
488 260 659 338 ausuum
677 254 985 336 camuramnsls

225 445 309 503 (itas.
345 447 478 514 Quotiens
506 467 625 523 namque
654 449 763 505 dicitur
781 445 859 502 Deus
883 463 939 501 non
967 465 1061 520 posse,
1087 446 1166 505 nulla

258 539 377 608 negatur
403 534 432 590 in
459 552 492 592 eo
519 543 656 607 potestas,
691 532 740 591 sed
768 533 964 606 insuperabilis
991 533 1164 606 significatur

257 619 383 689 potentia
394 626 422 676 et
434 619 576 678 fortitudo.
595 622 659 680 Non
671 621 744 677 enim
756 621 834 676 aliud
845 619 1017 692 intelligitur,
1029 618 1082 674 nisi
1097 619 1163 691 quia

257 705 335 761 nulla
345 723 389 761 res
401 711 493 780 potest
512 706 630 772 efficere,
647 714 680 763 ιιι
697 713 764 780 agat
780 706 828 761 ille
846 705 921 777 quod
938 710 1057 782 negatur
1073 723 1162 777 posse.

225 791 239 840 7
256 789 330 848 Nam
347 791 463 846 multum
482 791 585 848 usitata
610 798 653 848 est
679 789 836 849 huiusmodi
860 791 979 860 locutio,
1005 796 1038 845 ιιι
1055 791 1164 846 dicatur

256 893 300 932 res
318 877 413 949 aliqua
430 894 525 948 posse,
550 896 605 934 non
631 879 697 951 quia
722 879 751 932 in
770 877 819 932 illa
843 873 893 932 sed
911 876 1042 947 quoniam
1060 877 1089 931 in
1108 875 1163 931 alia

177 1007 180 1025 ,
256 978 285 1016 re
303 967 346 1015 est
361 965 502 1032 potestas3
529 969 558 1018 et
575 982 630 1019 non
647 981 744 1036 posse,
767 980 823 1017 non
849 961 979 1033 quoniam
999 961 1093 1016 inille
1111 963 1162 1016 sed

223 1045 324 1118 8qnia
345 1045 375 1099 in
396 1046 453 1102 alia
475 1065 506 1103 re
530 1055 572 1104 est
593 1049 764 1120 impotentia.
791 1048 927 1107 ,Dicimus
946 1063 1082 1117 namque:
1107 1047 1161 1100 iste

255 1129 336 1184 homo
354 1134 446 1200 potest
461 1131 550 1202 ¹vinci,
574 1151 640 1206 pro:
665 1134 765 1208 aliquis
783 1136 955 1205 potest'eum
972 1131 1095 1199 vincere,
1122 1136 1161 1186 et:
1204 1186 1207 1194 ,

255 1212 304 1269 ille
327 1231 384 1269 non
407 1217 500 1286 potest
523 1219 613 1290 vinci,
644 1238 709 1291 pro:
737 1219 829 1274 nullus
857 1234 920 1273 eum
936 1215 1046 1270 vincere
1062 1223 1162 1286 potest.

222 1307 238 1358 9
254 1297 319 1356 Non
337 1300 410 1354 enim
428 1307 552 1371 potestas
572 1311 614 1360 est
638 1323 721 1377 posse
747 1305 821 1359 vinci
842 1303 892 1359 sed
909 1301 1085 1372 impotentia,
1108 1319 1160 1357 nec

206 1391 237 1442 10
255 1384 329 1439 vinci
347 1402 403 1440 non
419 1404 500 1458 posse
522 1390 686 1461 impotentia
704 1397 747 1446 est
773 1390 822 1445 sed
848 1392 979 1460 potestas.
1015 1386 1075 1443 Nec
1095 1387 1162 1442 dici·

254 1487 315 1525 mus
338 1470 430 1527 Deum
454 1475 619 1532 necessitato
643 1476 735 1532 facere
759 1474 865 1547 aliquid
887 1490 933 1542 eo,
960 1471 1036 1543 quod
1061 1472 1090 1526 in
1113 1471 1160 1526 illo

254 1555 291 1609 sit
313 1556 371 1610 ulla
397 1559 560 1631 necessitas,
585 1563 635 1617 sed
657 1562 801 1634 quoniam·
815 1565 856 1614 est
877 1558 907 1612 in
926 1553 992 1622 alio,
1014 1557 1086 1611 sicut
1102 1557 1161 1612 dixi

205 1645 234 1696 11
254 1639 289 1696 de
306 1641 476 1713 impotentia,
493 1645 604 1714 quando
624 1645 725 1701 dicitu
742 1638 905 1716 non‘posae.
941 1641 1037 1697 Omnis
1057 1642 1161 1712 quippe

253 1725 404 1781 necessitas
434 1733 476 1780 est
505 1735 554 1784 aut
586 1732 692 1787 coactio
720 1736 768 1786 aut
795 1728 958 1801 prohibiti03
988 1733 1060 1799 quae
1089 1726 1161 1783 duae

223 1833 225 1838 ¹
253 1811 430 1866 necessitates
460 1819 658 1870 convertuntur
688 1815 806 1873 invicem
838 1811 988 1882 contrarie,
1019 1811 1091 1866 sicut
1115 1829 1161 1867 ne·

205 1898 237 1949 12
254 1911 330 1950 cesse
358 1902 386 1951 et
411 1897 590 1968 impossibile.
638 1901 781 1976 Quidquid
807 1916 928 1971 namque
957 1897 1066 1968 cogitur
1093 1914 1161 1964 esse,

155 2041 157 2045 ,
253 1979 416 2052 prohibetur
438 1998 494 2038 non
517 2000 590 2054 esse,
616 1991 644 2040 et
668 1987 743 2057 quod
768 1985 878 2057 cogitur
894 1999 951 2038 non
970 1989 1044 2051 esse,
1069 1983 1162 2054 prohi-

253 2066 335 2123 betur
359 2085 433 2138 esse3
460 2071 692 2141 quemadmodum
718 2070 793 2143 quod
816 2085 930 2125 necesse
953 2074 1087 2140 estesse,
1111 2070 1165 2124 im-

253 2154 385 2224 possibile
409 2160 451 2210 est
474 2170 530 2209 non
556 2172 626 2226 esse,
653 2162 682 2211 et
708 2155 784 2228 quod
810 2171 924 2211 necesse
948 2161 990 2210 est
1014 2172 1070 2210 non
1091 2172 1159 2226 esse,

205 2237 423 2311 taimpossibile
441 2246 575 2311 estesse,
599 2250 627 2298 et
646 2240 805 2297 conversim
840 2239 911 2294 Cum
931 2245 1025 2294 autom
1043 2239 1161 2294 dicimus

254 2323 359 2394 aliquid
384 2341 497 2382 necesse
523 2345 583 2383 csse
605 2334 655 2382 aut
679 2345 736 2382 non
755 2345 814 2384 esse
833 2325 862 2381 in
882 2325 959 2394 Deo,
983 2342 1040 2379 non
1059 2324 1160 2381 intelli-

253 2409 341 2480 gitur,
367 2409 442 2480 quod
467 2410 503 2466 sit
528 2413 557 2466 in
580 2412 628 2469 illo
647 2412 797 2468 necessitas
817 2417 866 2466 aut
883 2427 985 2483 cogens
1003 2417 1052 2480 aut
1068 2409 1160 2481 prohi-

253 2493 336 2564 bens,
365 2495 415 2548 sed
435 2495 621 2567 significatur,
649 2499 724 2570 quod
743 2497 773 2551 in
792 2495 919 2552 omnibus
939 2495 1000 2550 aliis
1018 2495 1100 2550 rebus
1118 2503 1161 2551 est

252 2579 403 2635 necessitas
431 2580 581 2651 prohibens
601 2600 657 2638 ¹eas
682 2583 824 2639 facesset
848 2597 952 2654 cogens
978 2599 1034 2636 non
1054 2579 1160 2651 facere3

204 2659 235 2711 14
253 2671 349 2720 contra
371 2665 424 2722 hoc
448 2666 522 2737 quod
547 2666 582 2721 de
605 2667 667 2722 Deo
694 2667 803 2722 dicitur¹
845 2666 918 2723 Nam
947 2683 1011 2721 cnm
1034 2665 1160 2736 dicimus,

252 2751 327 2821 quod
347 2768 460 2807 necesse
479 2758 522 2807 est
536 2753 629 2809 Deum
652 2769 761 2824 semper
777 2768 873 2807 verum
891 2749 984 2808 dicere
1001 2757 1029 2806 et
1046 2767 1160 2808 necesse

253 2841 375 2910 osteum
393 2853 535 2908 nunqnam
552 2839 678 2908 mentiri,
702 2854 759 2892 non
786 2836 888 2892 diciorr
907 2837 997 2906 aliud,
1021 2835 1075 2891 nisi
1093 2835 1159 2906 quia

253 2925 331 2975 tanta
349 2926 392 2976 est
416 2922 445 2976 in
470 2923 517 2978 illo
541 2925 696 2980 constantia
724 2924 852 2980 servandi
876 2923 1032 2992 veritatem,
1057 2927 1088 2976 ιιι
1111 2935 1157 2974 ne·

252 3023 328 3064 cesse
353 3008 391 3062 sit
413 3007 519 3063 nullam
541 3026 599 3064 rem
622 3010 713 3065 facere
730 3027 824 3080 posse,
848 3012 880 3061 ιιι
898 3023 994 3061 verum
1010 3011 1066 3060 non
1084 3004 1160 3058 dicat

202 3085 233 3137 15
251 3098 301 3146 aut
320 3098 352 3148 ut
370 3094 527 3150 mentiatur.
563 3093 737 3166 Quapropter
753 3109 820 3148 'cum
839 3093 970 3161 dicimus,
992 3093 1058 3163 quia
1075 3091 1158 3145 homo

250 3175 312 3246 ille,
330 3178 378 3249 qui
402 3180 553 3257 secundum
573 3179 707 3236 unitatem
730 3195 864 3250 personae
885 3178 967 3248 (sicut
985 3194 1070 3249 snpra
1079 3177 1099 3248 ¹)
1117 3175 1157 3230 di·

322 3331 347 3396 1)
366 3347 389 3386 c.
410 3339 434 3388 7.
