2636 3806
155 314 176 355 X
419 307 638 368 PRAEFATIO
657 307 844 369 nements.
866 313 868 322 '

219 471 290 549 Iam
310 477 387 549 vere
409 479 449 548 de
479 495 612 570 tempore
639 480 807 567 compositi
828 487 861 547 et
883 482 961 547 editi
983 482 1131 550 huiusce*

156 570 262 655 operis
292 569 353 634 erit
381 567 562 650 agendum:
603 567 992 719 Monapgggipnssppcppaslin
1000 569 1115 720 rtgrppztso

132 654 703 838 ,pigppptlprpuplppltrenaqpprppessdi
733 738 834 802 otium
865 674 929 822 ipgsi
959 740 1116 823 superfuit

155 833 230 888 ante
253 843 359 890 omma
388 842 519 888 ecesse
549 821 774 888 eonferendum
793 823 965 889 arbitratus
990 831 1052 908 est,
1081 834 1117 891 ut

155 910 245 974 litem
282 929 341 1056 per
371 907 574 973 Roseelinum
609 907 797 972 canonicum
816 907 1117 994 'Compendiensem
1222 943 1225 946 ·

154 995 284 1059 nomina
297 994 392 1058 istam
435 992 635 1075 eundemque
677 992 870 1057 tritheistam
908 995 942 1058 in
979 996 1118 1062 ecelesia

156 1079 328 1144 Gallicana
349 1078 543 1143 concitatam
573 1084 668 1161 atque
690 1078 724 1141 in
746 1077 868 1161 synode
892 1078 1117 1146 suessionensi

154 1185 218 1230 non
256 1163 400 1229 sedatam
434 1162 497 1228 nisi
529 1182 588 1247 per
618 1162 758 1248 speciem
790 1183 921 1246 prorsus
954 1164 1148 1230 dirimeret‘

156 1248 320 1314 doctrinae
349 1248 445 1312 armis
476 1247 614 1312 adiutus.
668 1247 753 1312 Hine
782 1247 863 1312 libro
896 1249 1027 1332 egregio
1057 1251 1116 1333 „de

155 1333 218 1398 fide
240 1332 412 1398 trinitatis“
432 1333 528 1398 Beeci
552 1333 700 1398 inchoato
728 1334 762 1397 in
783 1333 950 1398 Britannia
976 1335 1116 1402 novitius

155 1426 331 1483 extremam
357 1439 486 1483 manum
513 1419 665 1502 imposuit
689 1437 791 1500 eoque
823 1418 1001 1484 adversarii
1022 1421 1116 1486 istius

146 1503 354 1588 'sophismata
380 1503 557 1568 confutavit
585 1503 813 1587 sagacissimus
835 1503 994 1586 dogmatis
1017 1508 1117 1571 eecle-

156 1587 278 1654 siastiei
315 1596 543 1672 propugnator.
601 1587 671 1664 Quo
711 1588 796 1652 facto
829 1595 1000 1654 tractatum
1032 1590 1118 1674 ,Cur

155 1673 244 1738 Deus
274 1672 398 1738 H0m0“
430 1691 620 1756 aggressus,
661 1672 726 1736 iam
759 1693 817 1756 per
851 1679 1008 1739 aestatem
1041 1677 1117 1740 anni
1187 1696 1189 1699 ·

158 1759 240 1822 1094
261 1757 330 1822 eius
352 1757 467 1822 librum
489 1758 626 1841 primum
649 1778 669 1821 a
691 1759 804 1822 Fratre
825 1758 956 1824 Ermero
968 1757 993 1844 1)
1015 1765 1116 1826 trans·

156 1842 310 1928 seriptum
321 1842 364 1906 ad
378 1842 548 1908 ecelesiam
558 1843 752 1908 Beeeensem
763 1843 889 1908 direxit.
906 1845 980 1910 Nee
994 1846 1116 1931 mirum,

156 1928 184 1992 si
203 1927 285 1992 haee
306 1927 465 2011 particula
489 1927 595 2012 operis
617 1927 671 1992 diu
693 1929 872 2013 exspectati
893 1950 931 1994 ae
949 1929 1126 1996 vehemen·

156 2017 205 2076 ter
239 2012 430 2096 desiderati,
470 2019 598 2077 auctore
636 2013 737 2078 inscio
781 2019 814 2078 et
848 2013 965 2098 invito,
1010 2017 1117 2082 multis

156 2099 314 2181 exemplis
336 2097 426 2162 brevi
448 2103 591 2182 tempore
613 2098 858 2181 longelateque
876 2099 1117 2167 circumfereba-

156 2186 215 2246 tur.
260 2182 379 2248 Secuta
401 2182 476 2248 dein
497 2189 571 2248 sunt
592 2184 717 2268 proelia
742 2182 776 2246 in
797 2183 939 2250 favorem
960 2185 1117 2252 libertatis

157 2416 207 2465 est.
243 2410 329 2466 Cuius
346 2410 518 2464 conversioni
538 2411 620 2466 simul
643 2417 671 2466 et
689 2410 892 2465 conversationi
910 2411 1036 2468 diabolus
1055 2431 1117 2484 gra-

156 2480 228 2534 viter
240 2480 374 2546 invidens,
392 2479 421 2532 in
434 2484 541 2532 tantam
554 2479 632 2533 illum
645 2479 806 2534 tentationis
818 2480 967 2549 procellam
981 2479 1118 2549 demersit,

156 2555 189 2602 ut
215 2547 426 2604 suceedentibus
454 2547 508 2602 sibi
535 2549 619 2602 variis
649 2565 681 2602 eo
705 2549 850 2603 'tatianum
880 2550 1045 2604 tumultibus
1073 2553 1119 2605 vix
1208 2570 1211 2585 ³

156 2619 255 2672 mentis
279 2635 345 2672 snae
370 2634 482 2686 compos
507 2617 644 2672 existeret.
680 2617 862 2672 'ransierunt
885 2619 915 2672 in
932 2619 985 2672 hoe
1005 2620 1118 2690 quidam

104 2722 107 2733 .
158 2687 217 2742 dies
236 2694 264 2741 et
282 2687 374 2756 seipsa
393 2701 502 2755 semper
519 2685 605 2741 fiebat
621 2686 766 2740 immanior
778 2687 895 2743 tentatio
911 2689 1009 2742 eadem
1047 2689 1116 2742 Tur-

157 2755 240 2810 batus
261 2773 291 2810 er
312 2772 327 2808 o
347 2761 374 2810 et
395 2762 487 2809 mente
506 2755 637 2810 confusus
650 2755 813 2810 Anselmum
830 2757 899 2810 adiit
917 2756 1056 2828 animique
1076 2757 1119 2812 sui

156 2824 258 2878 fluetus
281 2773 324 2878 ilii
348 2823 481 2893 exposuit
524 2825 564 2877 At
591 2824 651 2894 ipse
680 2842 764 2895 quum
792 2825 836 2904 sin
858 2824 905 2880 ula
931 2826 1119 2895 intellexisset,

156 2893 209 2948 hoe
227 2893 315 2948 solum
332 2893 378 2963 pio
396 2893 516 2960 affeetu,
539 2893 597 2947 scil.
617 2893 761 2960 „comulat
777 2892 830 2947 nbi
871 2896 944 2964 eus,“
963 2895 989 2948 ei
1007 2913 1119 2965 respou-

158 2963 199 3016 dit
219 2963 350 3032 illicoque
371 2961 497 3016 Fratrem
521 2977 539 3014 a
564 2979 593 3016 se
621 2961 732 3016 dimisit.
768 2963 910 3034 Evestigio
930 2971 1023 3019 autern
1042 2971 1120 3019 tanta

156 3031 343 3103 tranquillitas
363 3031 462 3084 mentis
481 3029 560 3083 illum
579 3035 747 3099 secutarem,
776 3037 808 3085 ut
826 3031 899 3086 sieut
918 3031 1036 3102 ipsemet
1053 3033 1120 3087 mihi

156 3099 310 3168 referebat,
328 3099 402 3154 ultra
439 3115 503 3152 uam
521 3099 598 3152 dictu
617 3099 750 3155 credibile
769 3097 819 3168 sit,
844 3101 935 3156 subito
954 3102 1025 3156 alius
1042 3101 1121 3156 fieret

156 3169 193 3223 ab
213 3185 246 3223 eo
269 3169 316 3240 qui
334 3169 395 3224 fuit.
419 3117 529 3238 (itaque
554 3168 641 3221 omnis
663 3169 713 3223 illa
735 3169 853 3224 tentatio
877 3171 988 3240 penitus
1008 3171 1133 3226 evanuit,

156 3255 208 3293 nec
225 3239 375 3310 quiequam
392 3236 551 3292 huiusmodi
568 3237 599 3291 in
616 3254 646 3292 se
664 3237 779 3292 ulterius
800 3238 892 3292 sensit.

229 3323 254 3395 1)
274 3323 362 3388 Quem
378 3328 477 3377 auctor
495 3323 571 3392 ΕΜ).
584 3327 608 3386 3,
622 3327 654 3376 25
672 3322 732 3385 (cfr.
748 3327 826 3390 1‚17t
846 3323 1018 3378 carissimum
1032 3320 1121 3378 filium

157 3409 238 3448 suum
256 3400 285 3448 et
301 3393 433 3448 baculum
454 3391 606 3448 senectutis
626 3406 694 3446 suae
712 3391 844 3463 appellat.
