2636 3806
34 393 37 398 Ι
140 320 194 363 vm
423 301 642 379 nnnunlnnc
658 321 845 379 nmnonrs.

139 500 173 562 ct
197 492 244 560 rei
272 494 400 577 amplae
427 489 668 579 profundaeque
699 514 840 582 congrua
864 495 978 561 mirum
1003 515 1102 580 quan·

139 587 207 646 tum
234 580 480 665 supersedisse,¹
499 601 623 646 necnon
654 600 757 664 aequo
786 581 860 667 plus
889 601 1015 648 crucem
1036 582 1103 648 dia·

139 665 213 731 bolo
240 664 332 729 iuste
345 665 506 748 hominem
532 667 664 732 vexanti
686 667 779 748 quasi
799 667 1012 751 muscipulam
1033 673 1102 732 ten-

137 769 210 816 sam
241 749 378 835 ursisse,
413 751 517 816 nescit
551 771 645 816 nemo
683 750 717 815 in
749 751 884 817 historia
917 752 1103 836 dogmatum

140 835 386 902 christianorum
415 841 571 902 versatus.
615 836 657 900 At
685 856 762 903 vero
789 837 821 902 S.
839 837 1010 902 Ansclmus
1038 858 1102 903 non

140 927 191 987 sat
212 919 325 985 habuit
347 940 419 985 cum
441 921 586 1006 patribus
614 925 850 986 convenientiam
871 941 1016 988 asserere
1039 923 1102 988 sal-

137 1005 292 1089 nationis,
321 1006 449 1089 qualem
469 1005 532 1071 Dei
558 1006 644 1073 filius
669 1004 868 1072 humanitate
889 1007 923 1072 in
943 1027 1102 1092 personae

138 1091 294 1157 unitatem
326 1097 469 1156 assumta
497 1091 621 1176 effecit,
654 1109 758 1175 neque
784 1092 1003 1159 tautummodo
1033 1115 1101 1155 cce·

138 1180 284 1240 motiones
311 1174 395 1240 inter
416 1175 575 1240 Adamum
602 1182 634 1242 et
656 1175 819 1242 Christum
844 1177 972 1243 illiusve
993 1177 1101 1244 inebe-
1123 1185 1130 1200 ‘

135 1259 293 1326 dientiam
315 1267 546 1345 peccatumque
565 1261 763 1327 mortiferum
785 1268 818 1326 et
838 1261 932 1327 huius
951 1261 1101 1333 obedien-

136 1346 217 1411 tiam
235 1344 455 1431 iustitiamque
480 1346 643 1412 vivificam
668 1347 790 1430 absque
811 1346 908 1412 dubio
930 1347 1101 1414 concinnas
1229 1403 1230 1406 ,

138 1430 240 1497 voluit
269 1431 356 1516 fieri,
387 1431 445 1498 sed
474 1435 680 1496 necessitatem
713 1432 842 1496 divinae
871 1431 1102 1498 humiliationis

135 1515 419 1587 demonstrandam
448 1522 545 1601 atque
572 1519 785 1581 eadoectilem
815 1517 997 1582 soliditatem
1018 1519 1100 1583 veri-

137 1595 229 1685 tatis,
258 1601 348 1668 cuius
377 1602 538 1687 principie
566 1601 609 1666 et'
625 1601 771 1685 germina
792 1601 879 1687 apud
902 1601 1101 1687 superiorum

135 1691 315 1772 temporum
336 1685 482 1752 doctores
503 1685 680 1770 indagavit,
703 1706 775 1752 csse
796 1687 1023 1771 explicandam
1044 1687 1099 1751 ha-

135 1771 206 1837 huit
233 1790 431 1857 persuasum.
479 1772 653 1836 Praeterea
682 1779 789 1838 autem
817 1772 1100 1856 argumentationi·

134 1856 196 1922 bus
225 1858 373 1942 istorum,
403 1856 459 1939 qui
481 1862 548 1920 tam
575 1855 738 1922 diabolum
766 1876 824 1941 per
845 1857 967 1940 lignum
987 1857 1022 1922 in
1042 1877 1099 1942 pa-

136 1942 245 2007 radise
287 1941 441 2008 uictorem
483 1941 624 2023 aliquam
666 1941 700 2004 in
742 1941 937 2026 possidendo
971 1943 1100 2008 homine

134 2025 292 2094 iustitiam
317 2027 491 2110 mortisque
517 2024 686 2110 imperium
707 2024 858 2092 habuisse
881 2027 1099 2112 defenderunt,

20 2153 23 2160 ,
135 2126 234 2196 quam
271 2109 407 2178 eundem
441 2130 574 2196 corpere
608 2110 738 2176 Domini
776 2111 810 2176 in
841 2119 974 2177 mortem
1006 2119 1100 2198 rapte

135 2198 225 2263 hami
246 2197 424 2264 divinitatis
443 2197 478 2262 in
500 2217 537 2263 ec
559 2196 674 2261 inclusi
696 2196 930 2280 imprudentem
951 2217 1024 2263 erse
1045 2198 1099 2262 de·

135 2283 258 2350 vietum
274 2284 466 2368 illusumque
485 2287 692 2365 censuerunt,
718 2319 761 2328 -
789 2302 920 2368 prorsus
942 2281 1101 2349 dubitavit

136 2368 246 2434 album
277 2368 417 2434 adiicere
450 2367 616 2432 calculum.
669 2367 783 2450 Neque
816 2369 902 2433 enim
933 2369 998 2434 ullo
1031 2368 1100 2434 iure

114 2453 289 2520 -Anselmo
317 2455 408 2519 visus
447 2456 497 2518 est
535 2456 704 2537 peccatum
738 2453 927 2537 peccatique
962 2473 1101 2538 poenam

137 2538 284 2606 diabolus
314 2539 355 2604 ab
382 2536 563 2603 hominibus
593 2541 668 2601 ante
696 2537 882 2621 passionem
908 2538 1101 2604 dominicam
1138 2576 1140 2581 .

136 2624 303 2708 exegisse;
331 2643 370 2688 ae
390 2622 601 2688 scholasticus
626 2623 736 2688 nester
758 2624 908 2705 quoniam
930 2625 1017 2689 recte
1039 2624 1099 2688 Ve-

135 2707 265 2774 ritatem
285 2709 386 2773 ullum
406 2707 519 2773 fallere
540 2707 688 2792 negavit,
711 2706 862 2772 uirtutem
883 2708 1026 2774 divinam
1042 2708 1099 2772 hu·
1122 2729 1123 2732 ¹

135 2813 233 2858 mana
252 2793 536 2859 humilitate‘hunc
559 2792 595 2856 in
614 2791 712 2856 finem
731 2799 889 2880 opertam,
918 2800 953 2859 ut
974 2793 1100 2858 fallere-

136 2885 189 2943 tur
208 2878 377 2944 falleretve
406 2898 441 2944 se
468 2877 522 2961 qui
542 2877 684 2943 fallendo
705 2877 866 2943 hominem
884 2878 924 2944 de
946 2878 1099 2964 paradiso

136 2962 309 3031 deiecisset
340 2962 502 3048 diabolus,
531 2962 706 3028 concedere
734 2964 866 3047 nequiit.
909 2963 1101 3030 Huiusmodi

134 3047 235 3132 igitur
257 3087 296 3094 -
318 3047 426 3132 quoad
448 3048 566 3131 dogma
591 3048 821 3114 satisfactionis
843 3085 885 3097 -
907 3048 1101 3114 offendicula

135 3132 259 3217 legenti
280 3139 408 3218 patrum
428 3134 549 3217 scripta
570 3132 669 3198 Becci
688 3132 754 3196 iem
775 3141 994 3218 occurrerunt,
1015 3153 1100 3217 quae

136 3218 172 3283 in
199 3217 269 3284 dies
298 3218 436 3285 adaucta
466 3218 528 3284 sibi
560 3217 657 3284 evelli
688 3237 753 3282 non
785 3237 882 3301 posse
913 3218 1003 3302 vidit,
1036 3217 1101 3284 nisi

135 3302 207 3388 ipse
228 3323 296 3370 rem
317 3310 434 3370 exacta
448 3302 718 3368 demonstratione
733 3307 882 3386 egentem
896 3302 1100 3370 retractando

134 3395 170 3454 et
190 3395 299 3473 partes
321 3410 342 3455 a
362 3388 536 3455 maioribus
558 3387 688 3464 relictas
708 3388 854 3472 expleret
877 3395 909 3455 et
930 3388 1100 3455 veritatem
