2636 3806
425 302 503 362 GUB
517 302 756 362 DEUSHOMO.
792 305 882 362 Ι.18..
1046 305 1099 374 ¹37

192 471 287 543 angeli
306 489 356 543 ρετ
374 471 446 528 filios
461 473 549 530 lsrael
569 479 598 530 et
613 474 680 530 iusti
698 474 823 530 homines
840 491 898 545 per¹
909 473 1022 544 angelos
1035 473 1099 530 Dei.

193 557 224 615 si
241 557 307 613 boni
324 559 418 630 angeli
434 565 543 615 tantum
564 560 745 632 designantur
770 577 820 632 per
837 563 1001 630 utrumque,
1025 559 1100 615 idem
1117 565 1150 618 st

193 649 236 699 est
255 643 371 715 quodsi
395 645 484 703 solum
505 663 555 717 per
574 647 689 718 mgelos
708 645 779 715 Dei3
803 644 828 700 si·
853 662 918 701 veno
936 650 996 700 tots
1011 645 1100 700 eoele-

192 728 243 783 stis
260 729 367 800 civitas,
384 729 430 785 hic
449 737 617 802 esttenete,
635 732 701 803 quia
717 737 776 786 tam
794 731 843 786 diu
860 736 1035 786 assumentur
1051 748 1101 802 ρο-
1183 787 1189 798 ,

192 812 254 884 puli
279 814 297 868 i.
321 832 344 870 e.
369 815 561 872 multitudines
593 817 743 873 electorum
776 817 931 886 hominum,
962 822 1011 872 aut
1041 822 1100 872 tem

191 899 242 954 diu
264 906 346 955 erunt
370 901 468 972 populi
492 901 522 957 in
540 902 594 958 hoe
613 903 744 972 saeculo,
769 904 858 959 donee
885 903 923 956 de
943 901 1100 958 hominibus

191 985 416 1056 praedestinatas
433 1005 564 1044 numerus
588 989 663 1043 illius
680 987 801 1043 civitatis
820 988 944 1043 nondum
959 988 1100 1060 perfectus

191 1071 369 1142 eomplestur.
406 1072 462 1128 Sed
483 1093 539 1130 non
562 1075 643 1130 video
666 1091 753 1142 nune,
777 1074 920 1146 quomodo*
938 1074 990 1128 soli
1007 1074 1100 1146 angeli
1117 1073 1151 1124 48

192 1155 341 1211 autsimul
358 1156 453 1228 augeli
476 1163 505 1214 et
522 1158 645 1214 homines
671 1159 762 1214 saneti
785 1178 835 1233 per
860 1159 933 1216 filios
950 1159 1039 1216 Israel
1058 1160 1100 1214 in·

190 1242 371 1314 telliganturt
398 1249 508 1298 sanctes
535 1249 629 1298 autem
657 1245 782 1301 homiues
806 1245 879 1302 filios
902 1245 1002 1317 Israel,
1027 1246 1100 1301 sient

190 1326 262 1382 filios
280 1327 413 1384 Abrahae
429 1329 536 1398 uoueri,
553 1343 610 1385 non
628 1337 671 1386 est
688 1331 819 1386 alienum.
851 1331 906 1396 Qui
923 1332 1017 1404 angeli
1033 1348 1101 1404 quo·
1116 1329 1150 1381 49

192 1429 246 1485 que
264 1413 318 1469 Dei
335 1431 385 1485 ρετ
403 1414 455 1468 hoe
473 1418 548 1468 reete
563 1418 680 1485 possunt
696 1415 803 1485 soceri,
830 1416 896 1486 quia
912 1418 998 1472 vitam
1014 1433 1100 1490 ange·

191 1498 274 1554 licam
299 1500 456 1568 imitantur,
482 1505 566 1571 atque
584 1499 738 1554 similitudo
754 1506 783 1555 et
808 1501 964 1572 aequalitas
986 1504 1100 1574 angelo·

192 1602 254 1638 rum
275 1585 330 1640 illis
355 1585 525 1655 promittitm
550 1585 580 1640 in
605 1585 696 1655 coelo,
725 1589 753 1640 et
773 1586 840 1657 quia
858 1603 952 1642 omnes
969 1588 1042 1642 iuste
1060 1588 1100 1641 vi·

192 1677 288 1726 ventes
315 1671 408 1743 angeli
433 1667 489 1726 Dei
511 1677 588 1727 sunt.
631 1671 715 1728 Unde
742 1671 797 1744 ipsi
820 1672 992 1728 confessores
1010 1669 1100 1744 ‘etque
1117 1672 1150 1723 5⁰

192 1762 328 1826 martyre
337 1758 357 1826 1)
376 1756 518 1826 dicuntum
545 1755 594 1828 qui
611 1756 685 1812 enim
703 1757 849 1813 eonfitetnr
869 1764 896 1814 et
912 1761 1034 1814 testetur
1054 1774 1100 1813 ve·

191 1841 316 1911 ritatem,
349 1840 404 1895 Dei
430 1842 544 1897 nuntius
575 1842 593 1896 i.
626 1859 650 1897 ε
669 1842 796 1914 augelus
828 1843 887 1898 sius
917 1849 967 1898 est.
1011 1843 1050 1898 Et
1076 1841 1101 1896 si

192 1924 284 1979 melus
303 1925 384 1980 homo
402 1926 504 1982 dieitur
522 1928 663 1997 diabolus,
678 1927 760 1983 'sieut
779 1929 814 1984 de
833 1929 907 1984 Iuda
923 1929 992 1983 dicit
1006 1927 1101 1984 Dumi-

193 2011 274 2078 nus²)
293 2015 406 2081 propter
423 2011 633 2069 similitudinem
649 2013 788 2070 malitiae:
807 2031 856 2068 eur
875 2031 932 2068 non
949 2014 1033 2068 etism
1053 2012 1101 2067 bo·

192 2112 245 2149 nus
264 2094 346 2150 homo
364 2096 471 2151 dicetur
489 2098 605 2169 angelus
622 2103 736 2168 propter
757 2099 940 2152 imitationem
957 2097 1102 2164 iustitiae?

175 2180 286 2246 Quare
304 2197 459 2251 possumus,
477 2187 510 2236 ut
525 2187 602 2253 puto,
622 2183 727 2253 dicere,
745 2183 838 2238 Deum
855 2180 1031 2240 constituisse
1048 2179 1107 2238 τοτ’
1119 2192 1150 2243 51

192 2267 283 2320 minos
304 2267 477 2336 populorum
503 2269 583 2322 iusta
607 2285 750 2323 mmmm
777 2269 928 2324 electorum
951 2269 1102 2340 hominum,

194 2352 261 2424 quia
282 2351 391 2406 tamdiu
412 2355 493 2407 erunt
517 2351 614 2422 populi
635 2359 664 2407 et
686 2353 738 2409 erit
763 2353 793 2408 in
815 2352 868 2408 hoe
892 2355 997 2410 mundo
1013 2355 1101 2410 homi-

175 2456 259 2494 ·num
276 2436 458 2508 ¹procreatio,
491 2436 580 2492 donee
611 2453 741 2493 numerus
772 2439 923 2494 eorundem
952 2441 1102 2496 electorum

176 2523 333 2580 lominum
352 2523 538 2594 conplosum
564 2527 592 2578 et
615 2540 648 2579 eo
666 2524 803 2595 completo
822 2525 944 2580 eeusebit
959 2525 1102 2580 hominum

193 2610 349 2680 generatio,
374 2625 446 2681 quse
462 2608 496 2664 fit
512 2609 542 2664 in
560 2609 614 2664 hee
630 2609 697 2665 vita.
731 2610 772 2665 At
793 2610 817 2664 si
841 2627 891 2681 per
916 2611 1030 2682 angelos
1047 2610 1102 2666 Dei
1120 2611 1152 2664 52

193 2694 375 2766 intelligimus
400 2700 511 2750 sanctos
534 2695 648 2768 angelos
672 2701 780 2751 tantum
800 2701 829 2750 et
850 2711 901 2765 ρετ
923 2695 997 2750 filios
1013 2694 1102 2752 lsrael

191 2779 383 2834 tantummodo
402 2779 489 2834 iustos
507 2780 644 2850 homines,
669 2781 777 2836 duobus
796 2778 887 2835 modis
903 2779 1024 2854 intelligi
1040 2787 1102 2854 pet·

193 2869 248 2932 est,
272 2864 339 2936 quis
363 2865 504 2919 comitati
519 2867 599 2920 Deus
619 2867 751 2920 amieos
763 2866 938 2935 populosum
953 2866 1039 2922 iuste
1052 2883 1102 2921 na·

192 2965 297 3002 mesum
321 2951 484 3022 angelorum
505 2950 575 3006 Dei:
607 2955 657 3004 aet
680 2949 747 3021 quia
770 2955 868 3006 tantus
889 2951 1010 3023 pupulus
1033 2951 1051 3004 i
1076 2953 1108 3005 e.'

192 3036 235 3088 tot
256 3032 381 3090 homines
407 3041 582 3090 assumentur
610 3041 678 3107 quot
707 3041 772 3095 sunt
798 3037 886 3092 saneti
915 3035 1008 3106 mgeli
1037 3033 1101 3102 Dei,

264 3223 290 3290 l)
308 3221 360 3277 Est
376 3223 444 3279 haee
463 3224 546 3281 leetio
566 3240 637 3279 omn
655 3221 742 3278 Codd.
760 3239 858 3280 comm,
882 3235 884 3240 ·
1009 3245 1011 3250 ,
1076 3286 1083 3304 Ι

188 3291 290 3416 ἐωξὶ
318 3289 377 3347 cfr.
403 3291 559 3364 Ieme,
584 3299 633 3350 tu:
670 3292 717 3362 „if
753 3291 835 3366 ὑμῖν
864 3285 904 3407 εἷς
933 3288 1105 3360 διάβολος
