2636 3806
411 309 488 368 CUR
506 309 605 368 DEUS
621 309 739 366 HOMO.
774 310 798 365 1.
818 314 857 364 18.
1042 307 1084 372 33

178 484 249 538 Aac.
277 480 370 535 Aliam
394 480 486 537 adhuc
511 481 634 538 eiusdem
662 481 815 536 sententiae
840 483 926 549 posse
941 478 997 533 dici
1015 481 1084 550 pute

177 568 320 623 rationem.
352 567 420 620 Bos.
437 566 519 621 Hanc
539 581 650 637 quoque
665 565 791 636 ‘proferre
811 564 903 620 debes.
930 564 999 617 Ans.
1020 562 1084 619 Cre·
1103 567 1135 618 27

179 654 268 708 dimus
291 651 364 706 hanc
391 652 488 706 mundi
514 652 615 707 molem
642 668 804 722 corpoream
827 651 857 704 in
882 649 981 705 melius
1006 665 1085 705 reno·

178 725 297 794 eandam
315 753 366 792 nec
383 736 436 791 hoc
454 736 579 791 futurum
600 753 668 800 esse,
687 739 775 793 donec
792 736 942 808 impleatur
952 727 1084 790 'numerus

179 825 328 880 electorum
346 822 490 876 hominum
508 825 536 876 et
553 821 602 874 illa
620 822 703 877 beata
721 821 881 893 perficiatur
899 821 1008 891 civitas,
1032 835 1085 876 nec

179 915 241 982 post
266 909 326 964 eius
348 906 546 978 perfectionem
571 905 764 961 differendum.
800 907 884 962 Unde
907 906 1001 981 colligi
1023 912 1084 976 pot·
1103 910 1136 960 28

179 1002 220 1052 ost
236 995 329 1050 Deum
346 993 382 1048 ab
401 990 480 1044 initio
501 991 690 1061 proposuisse,
708 989 741 1046 ut
757 996 907 1063 utrumque
918 993 1007 1046 'simul
1024 1010 1085 1062 per-

178 1081 287 1150 ficeret;
313 1077 452 1152 quatenus
470 1081 499 1131 et
517 1077 607 1131 minor
624 1093 695 1147 qnae
711 1077 804 1132 Deum
820 1091 876 1131 non
895 1078 1017 1146 sentiret,
1028 1095 1085 1132 ¹na-

178 1173 242 1222 tura
258 1172 323 1221 ante
347 1164 479 1218 maiorem
505 1179 577 1233 quae
595 1159 656 1218 Deo
679 1163 735 1217 frui
756 1162 883 1232 deberet,
908 1177 1086 1234 nequaquam

177 1253 368 1325 perficeretur3
393 1253 421 1304 et
444 1247 474 1300 in
498 1248 610 1302 maioris
628 1249 799 1318 perfectione
817 1254 924 1303 mnata
941 1249 971 1302 in
988 1248 1085 1304 melius

178 1357 228 1395 suo
254 1339 376 1410 quodam
402 1333 485 1388 modo
513 1333 593 1404 quasi
622 1336 879 1406 congraurlaretur3
909 1334 965 1388 imo
997 1333 1086 1388 omnis

178 1422 306 1480 creatura
326 1423 362 1477 de
379 1427 437 1476 tam
455 1417 576 1490 gloriosa
595 1424 623 1472 et
643 1425 702 1474 tam
721 1418 880 1476 admirabili
897 1418 940 1472 sui
961 1429 1086 1474 consum·

171 1509 301 1564 matione
315 1506 370 1577 ipsi
395 1503 514 1559 creatori
533 1509 562 1558 et
578 1503 635 1558 sibi
655 1503 772 1559 invicem
789 1509 915 1576 quaeque
935 1519 985 1558 suo
1003 1504 1088 1558 modo

177 1599 289 1648 aeterne
315 1587 517 1662 congaudendo
542 1588 753 1659 iocundaretur,
780 1595 917 1661 quatenus
940 1589 1016 1660 qued
1037 1605 1086 1643 vo*-
1115 1589 1116 1596 ’

176 1679 270 1732 luntas
283 1677 322 1731 in
344 1674 475 1730 rationali
497 1679 598 1728 natura
623 1681 721 1744 sponte
745 1674 826 1745 facit,
850 1675 903 1732 hoc
922 1682 951 1730 et
969 1675 1025 1729 iam
1045 1675 1086 1730 in·

177 1762 317 1818 sensibilis
333 1767 460 1816 creatura
476 1777 528 1830 per
544 1759 600 1815 Dei
627 1760 836 1830 dispositionem
856 1761 1021 1816 naturaliter
1041 1774 1086 1814 ex·

175 1845 293 1900 biberet
332 1845 459 1900 Solemus
483 1861 604 1918 namque
628 1845 659 1899 in
684 1846 820 1901 maiorum
838 1855 995 1902 nostrorum
1013 1847 1086 1902 exul·
1104 1846 1137 1896 29

176 1929 283 1985 tatione
305 1931 493 2001 congaudere,
518 1937 550 1988 ut
572 1947 636 1985 cum
654 1931 684 1985 in
705 1932 840 1987 natalitiis
859 1932 1022 1988 Sanctorum
1040 1936 1085 1984 e‘x-

177 2014 314 2069 ultatione
331 2015 432 2070 festiva
454 2016 638 2072 iocundamur
661 2018 695 2072 de
720 2018 810 2089 gloria
827 2033 922 2072 eorum
940 2016 1083 2070 laetantes.
1180 2020 1182 2024 ’

178 2099 270 2164 Quam
293 2101 463 2156 sententiam
480 2102 550 2156 illud
570 2101 703 2157 adiumm
721 2104 844 2171 videtur,
869 2101 935 2172 quia
953 2100 976 2154 si
992 2100 1085 2155 Adam
1103 2087 1145 2152 30‘·

177 2199 234 2238 non
250 2187 402 2254 peccasset,
422 2186 545 2243 differret
562 2187 655 2242 amen
673 2187 750 2243 Deus
768 2187 846 2240 illam
865 2183 1006 2240 civitatem
1023 2203 1085 2256 per·
1171 2180 1176 2190 ’

177 2266 276 2336 ficere,
301 2267 389 2322 donec
413 2272 551 2340 completo
578 2289 612 2326 ex
632 2273 790 2328 hominibus
814 2289 898 2343 quem
921 2272 1087 2342 expectabat

179 2369 302 2421 numero,
321 2352 375 2422 ipsi
387 2371 500 2426 quoque·
514 2356 639 2412 homines
657 2357 687 2410 in
706 2371 861 2427 corporum,
880 2362 912 2410 ut
929 2357 969 2412 ita
987 2358 1085 2428 dicam,

178 2438 362 2494 immortalem
382 2441 899 2498 nammutarentm··immortalitatem.
934 2439 1087 2500 Habebunt
1104 2438 1135 2490 31

180 2525 253 2578 enim
286 2524 316 2578 in
345 2527 477 2594 paradiso
506 2528 647 2599 quandam
677 2527 912 2582 immortalitatem
938 2528 956 2582 i.
985 2546 1009 2583 e.
1038 2545 1086 2599 po·

178 2613 308 2663 teststffl
332 2613 563 2682 nannetensi,
591 2614 640 2668 sed
656 2630 722 2668 ‘non
750 2619 809 2668 erat
833 2613 994 2671 immortalis
1017 2612 1092 2667 haec'

179 2697 318 2764 potestas,
337 2695 403 2765 quia
420 2704 529 2767 poterat
547 2699 630 2769 mori,
655 2703 688 2753 ut
705 2698 812 2752 scilicet
829 2697 883 2768 ipsi
899 2716 955 2753 non
974 2703 1089 2768 possent

179 2779 257 2833 mori.
294 2778 376 2843 Quod
398 2780 422 2834 si
430 2783 456 2850 ¹)'
476 2783 517 2836 ita
541 2790 594 2853 est,
618 2790 651 2838 ut
673 2783 803 2838 videlicet
826 2781 992 2836 rationalem
1010 2779 1088 2837 illam
1105 2781 1145 2836 32·

181 2871 211 2920 et
227 2865 339 2921 beatam
357 2866 498 2924 civitatem
521 2873 550 2923 et
566 2869 639 2924 hanc
657 2867 826 2923 mundanam
843 2867 1087 2938 insensibilemque

179 2956 310 3005 naturam
329 2949 411 3006 Deus
425 2953 461 3009 ab
479 2953 558 3009 initio
583 2951 757 3024 proposuerit
775 2952 858 3007 simul
874 2952 1021 3025 perlicere,
1045 2949 1086 3003 vi-

183 3035 265 3090 detur
285 3036 351 3106 quia
369 3044 419 3093 ant
435 3039 484 3094 illa
501 3039 673 3095 civitasnon
691 3043 751 3093 erat
769 3038 908 3109 completa
925 3037 955 3090 in
972 3049 1085 3088 numero
1181 3037 1185 3050 ¹

180 3121 344 3192 angelorum
360 3129 424 3179 ante
446 3125 582 3180 malorum
603 3124 730 3194 ruinam,
748 3124 799 3180 sed
816 3121 981 3192 expectabat
998 3118 1086 3189 Deus,
1141 3111 1145 3120 ’

180 3212 213 3261 ut
247 3223 308 3264 eam
339 3207 374 3262 de
401 3207 557 3264 hominibus
586 3210 752 3281 compleret,
785 3206 897 3278 quando
926 3219 1086 3277 corpoream

253 3363 278 3432 1)
301 3361 360 3416 Sed
379 3364 408 3417 ai
424 3361 485 3418 Aa

913 3447 928 3496 3
