<?xml version="1.0" encoding="UTF-8"?>
<!DOCTYPE html PUBLIC "-//W3C//DTD XHTML 1.0 Transitional//EN"
    "http://www.w3.org/TR/xhtml1/DTD/xhtml1-transitional.dtd">
<html xmlns="http://www.w3.org/1999/xhtml" xml:lang="en" lang="en">
 <head>
  <title>
</title>
<meta http-equiv="Content-Type" content="text/html;charset=utf-8" />
  <meta name='ocr-system' content='tesseract 3.04.00' />
  <meta name='ocr-capabilities' content='ocr_page ocr_carea ocr_par ocr_line ocrx_word'/>
</head>
<body>
  <div class='ocr_page' id='page_1' title='image "./sanselmicantuar01laemgoog_0037.png"; bbox 0 0 2636 3806; ppageno 0'>
   <div class='ocr_carea' id='block_1_1' title="bbox 230 283 958 356">
    <p class='ocr_par' dir='ltr' id='par_1_1' title="bbox 230 283 958 356">
     <span class='ocr_line' id='line_1_1' title="bbox 230 283 958 356; baseline -0.003 -12"><span class='ocrx_word' id='word_1_1' title='bbox 230 288 271 356; x_wconf 83' lang='lat'><strong>12</strong></span> <span class='ocrx_word' id='word_1_2' title='bbox 411 285 441 344; x_wconf 84' lang='lat' dir='ltr'><strong>S.</strong></span> <span class='ocrx_word' id='word_1_3' title='bbox 461 285 632 344; x_wconf 71' lang='lat' dir='ltr'><strong>ausuum</strong></span> <span class='ocrx_word' id='word_1_4' title='bbox 650 283 958 344; x_wconf 63' lang='lat' dir='ltr'><strong>emmanuele</strong></span> 
     </span>
    </p>
   </div>
   <div class='ocr_carea' id='block_1_2' title="bbox 179 453 1143 3086">
    <p class='ocr_par' dir='ltr' id='par_1_2' title="bbox 179 453 1143 3086">
     <span class='ocr_line' id='line_1_2' title="bbox 229 453 1138 525; baseline -0.004 -11"><span class='ocrx_word' id='word_1_5' title='bbox 229 472 325 514; x_wconf 83' lang='lat' dir='ltr'><strong>sonam</strong></span> <span class='ocrx_word' id='word_1_6' title='bbox 348 454 378 511; x_wconf 91' lang='lat' dir='ltr'><strong>in</strong></span> <span class='ocrx_word' id='word_1_7' title='bbox 402 455 510 513; x_wconf 87' lang='lat' dir='ltr'><strong>duabus</strong></span> <span class='ocrx_word' id='word_1_8' title='bbox 534 453 642 512; x_wconf 83' lang='lat' dir='ltr'><strong>naturis</strong></span> <span class='ocrx_word' id='word_1_9' title='bbox 665 459 694 510; x_wconf 88' lang='lat' dir='ltr'><strong>et</strong></span> <span class='ocrx_word' id='word_1_10' title='bbox 716 453 786 508; x_wconf 87' lang='lat' dir='ltr'><strong>duas</strong></span> <span class='ocrx_word' id='word_1_11' title='bbox 811 458 925 509; x_wconf 85' lang='lat' dir='ltr'><strong>naturas</strong></span> <span class='ocrx_word' id='word_1_12' title='bbox 948 453 978 509; x_wconf 91' lang='lat' dir='ltr'><strong>in</strong></span> <span class='ocrx_word' id='word_1_13' title='bbox 999 469 1057 510; x_wconf 86' lang='lat' dir='ltr'><strong>una</strong></span> <span class='ocrx_word' id='word_1_14' title='bbox 1073 471 1138 525; x_wconf 87' lang='lat' dir='ltr'><strong>per-</strong></span> 
     </span>
     <span class='ocr_line' id='line_1_3' title="bbox 194 538 1138 612; baseline 0.001 -19"><span class='ocrx_word' id='word_1_15' title='bbox 194 543 306 598; x_wconf 74' lang='lat' dir='ltr'><strong>lsona.</strong></span> <span class='ocrx_word' id='word_1_16' title='bbox 352 541 527 612; x_wconf 77' lang='lat' dir='ltr'><strong>Quapropter</strong></span> <span class='ocrx_word' id='word_1_17' title='bbox 553 557 617 594; x_wconf 91' lang='lat' dir='ltr'><strong>cum</strong></span> <span class='ocrx_word' id='word_1_18' title='bbox 643 538 761 594; x_wconf 82' lang='lat' dir='ltr'><strong>dicimus</strong></span> <span class='ocrx_word' id='word_1_19' title='bbox 783 539 877 595; x_wconf 90' lang='lat' dir='ltr'><strong>Deum</strong></span> <span class='ocrx_word' id='word_1_20' title='bbox 898 539 1006 611; x_wconf 85' lang='lat' dir='ltr'><strong>aliquid</strong></span> <span class='ocrx_word' id='word_1_21' title='bbox 1030 539 1138 597; x_wconf 79' lang='lat' dir='ltr'><strong>humile</strong></span> 
     </span>
     <span class='ocr_line' id='line_1_4' title="bbox 227 623 1138 696; baseline 0 -14"><span class='ocrx_word' id='word_1_22' title='bbox 227 633 277 683; x_wconf 87' lang='lat' dir='ltr'><strong>aut</strong></span> <span class='ocrx_word' id='word_1_23' title='bbox 292 627 432 684; x_wconf 85' lang='lat' dir='ltr'><strong>infirmum</strong></span> <span class='ocrx_word' id='word_1_24' title='bbox 448 625 522 696; x_wconf 89' lang='lat' dir='ltr'><strong>pati,</strong></span> <span class='ocrx_word' id='word_1_25' title='bbox 538 643 594 682; x_wconf 89' lang='lat' dir='ltr'><strong>non</strong></span> <span class='ocrx_word' id='word_1_26' title='bbox 611 625 665 680; x_wconf 89' lang='lat' dir='ltr'><strong>hoc</strong></span> <span class='ocrx_word' id='word_1_27' title='bbox 681 624 863 696; x_wconf 76' lang='lat' dir='ltr'><strong>intelligimus</strong></span> <span class='ocrx_word' id='word_1_28' title='bbox 880 626 1034 682; x_wconf 88' lang='lat' dir='ltr'><strong>secundum</strong></span> <span class='ocrx_word' id='word_1_29' title='bbox 1050 623 1138 682; x_wconf 88' lang='lat' dir='ltr'><strong>subli-</strong></span> 
     </span>
     <span class='ocr_line' id='line_1_5' title="bbox 227 709 1136 781; baseline -0.007 -11"><span class='ocrx_word' id='word_1_30' title='bbox 227 712 353 770; x_wconf 75' lang='lat' dir='ltr'><strong>mitatem</strong></span> <span class='ocrx_word' id='word_1_31' title='bbox 378 709 558 781; x_wconf 79' lang='lat' dir='ltr'><strong>impaseibilis</strong></span> <span class='ocrx_word' id='word_1_32' title='bbox 585 717 715 780; x_wconf 89' lang='lat' dir='ltr'><strong>naturae,</strong></span> <span class='ocrx_word' id='word_1_33' title='bbox 748 711 798 766; x_wconf 89' lang='lat' dir='ltr'><strong>sed</strong></span> <span class='ocrx_word' id='word_1_34' title='bbox 818 711 971 767; x_wconf 84' lang='lat' dir='ltr'><strong>secundum</strong></span> <span class='ocrx_word' id='word_1_35' title='bbox 993 709 1136 764; x_wconf 83' lang='lat' dir='ltr'><strong>infirmita·</strong></span> 
     </span>
     <span class='ocr_line' id='line_1_6' title="bbox 227 795 1137 866; baseline -0.004 -12"><span class='ocrx_word' id='word_1_36' title='bbox 227 805 285 854; x_wconf 88' lang='lat' dir='ltr'><strong>tem</strong></span> <span class='ocrx_word' id='word_1_37' title='bbox 301 799 438 854; x_wconf 75' lang='lat' dir='ltr'><strong>humanae</strong></span> <span class='ocrx_word' id='word_1_38' title='bbox 460 795 634 851; x_wconf 81' lang='lat' dir='ltr'><strong>substantiae</strong></span> <span class='ocrx_word' id='word_1_39' title='bbox 656 812 740 865; x_wconf 88' lang='lat' dir='ltr'><strong>quam</strong></span> <span class='ocrx_word' id='word_1_40' title='bbox 764 795 895 866; x_wconf 76' lang='lat' dir='ltr'><strong>gerebat3</strong></span> <span class='ocrx_word' id='word_1_41' title='bbox 920 796 1006 852; x_wconf 86' lang='lat' dir='ltr'><strong>etsie</strong></span> <span class='ocrx_word' id='word_1_42' title='bbox 1024 801 1137 850; x_wconf 74' lang='lat' dir='ltr'><strong>nocuae</strong></span> 
     </span>
     <span class='ocr_line' id='line_1_7' title="bbox 195 880 1137 952; baseline -0.002 -16"><span class='ocrx_word' id='word_1_43' title='bbox 195 883 294 940; x_wconf 80' lang='lat' dir='ltr'><strong>afidei</strong></span> <span class='ocrx_word' id='word_1_44' title='bbox 314 883 393 937; x_wconf 87' lang='lat' dir='ltr'><strong>nulla</strong></span> <span class='ocrx_word' id='word_1_45' title='bbox 414 880 486 937; x_wconf 84' lang='lat' dir='ltr'><strong>ratio</strong></span> <span class='ocrx_word' id='word_1_46' title='bbox 509 880 622 936; x_wconf 86' lang='lat' dir='ltr'><strong>obviare</strong></span> <span class='ocrx_word' id='word_1_47' title='bbox 644 880 829 952; x_wconf 74' lang='lat' dir='ltr'><strong>cognoscitur.</strong></span> <span class='ocrx_word' id='word_1_48' title='bbox 865 880 912 936; x_wconf 83' lang='lat' dir='ltr'><strong>Sic</strong></span> <span class='ocrx_word' id='word_1_49' title='bbox 934 881 1008 936; x_wconf 87' lang='lat' dir='ltr'><strong>enim</strong></span> <span class='ocrx_word' id='word_1_50' title='bbox 1029 881 1137 935; x_wconf 87' lang='lat' dir='ltr'><strong>nullam</strong></span> 
     </span>
     <span class='ocr_line' id='line_1_8' title="bbox 204 964 1137 1036; baseline -0.006 -10"><span class='ocrx_word' id='word_1_51' title='bbox 204 1003 209 1012; x_wconf 90' lang='lat'>·</span> <span class='ocrx_word' id='word_1_52' title='bbox 228 969 339 1026; x_wconf 82' lang='lat' dir='ltr'><strong>divinae</strong></span> <span class='ocrx_word' id='word_1_53' title='bbox 357 965 531 1024; x_wconf 86' lang='lat' dir='ltr'><strong>substantiae</strong></span> <span class='ocrx_word' id='word_1_54' title='bbox 547 964 736 1036; x_wconf 76' lang='lat' dir='ltr'><strong>significamus</strong></span> <span class='ocrx_word' id='word_1_55' title='bbox 756 965 955 1034; x_wconf 75' lang='lat' dir='ltr'><strong>humilitatem,</strong></span> <span class='ocrx_word' id='word_1_56' title='bbox 981 965 1137 1020; x_wconf 87' lang='lat' dir='ltr'><strong>sedunam</strong></span> 
     </span>
     <span class='ocr_line' id='line_1_9' title="bbox 195 1044 1137 1122; baseline 0 -16"><span class='ocrx_word' id='word_1_57' title='bbox 195 1056 211 1106; x_wconf 86' lang='lat'>9</span> <span class='ocrx_word' id='word_1_58' title='bbox 228 1053 284 1110; x_wconf 88' lang='lat' dir='ltr'><strong>Dei</strong></span> <span class='ocrx_word' id='word_1_59' title='bbox 309 1059 337 1110; x_wconf 86' lang='lat' dir='ltr'><strong>et</strong></span> <span class='ocrx_word' id='word_1_60' title='bbox 351 1044 477 1108; x_wconf 50' lang='lat' dir='ltr'><strong>¹hominis</strong></span> <span class='ocrx_word' id='word_1_61' title='bbox 502 1056 774 1106; x_wconf 66' lang='lat' dir='ltr'><strong>monstramucesse</strong></span> <span class='ocrx_word' id='word_1_62' title='bbox 800 1066 953 1121; x_wconf 89' lang='lat' dir='ltr'><strong>personam.</strong></span> <span class='ocrx_word' id='word_1_63' title='bbox 988 1049 1053 1106; x_wconf 89' lang='lat' dir='ltr'><strong>Non</strong></span> <span class='ocrx_word' id='word_1_64' title='bbox 1070 1067 1137 1122; x_wconf 86' lang='lat' dir='ltr'><strong>ergo</strong></span> 
     </span>
     <span class='ocr_line' id='line_1_10' title="bbox 228 1135 1138 1208; baseline -0.003 -15"><span class='ocrx_word' id='word_1_65' title='bbox 228 1137 417 1193; x_wconf 83' lang='lat' dir='ltr'><strong>incarnatione</strong></span> <span class='ocrx_word' id='word_1_66' title='bbox 427 1141 448 1208; x_wconf 90' lang='lat'><strong>¹)</strong></span> <span class='ocrx_word' id='word_1_67' title='bbox 466 1135 521 1192; x_wconf 87' lang='lat' dir='ltr'><strong>Dei</strong></span> <span class='ocrx_word' id='word_1_68' title='bbox 547 1135 688 1190; x_wconf 84' lang='lat' dir='ltr'><strong>humilitas</strong></span> <span class='ocrx_word' id='word_1_69' title='bbox 711 1136 770 1192; x_wconf 69' lang='lat' dir='ltr'><strong>dus</strong></span> <span class='ocrx_word' id='word_1_70' title='bbox 793 1136 853 1192; x_wconf 89' lang='lat' dir='ltr'><strong>ulla</strong></span> <span class='ocrx_word' id='word_1_71' title='bbox 869 1135 1035 1206; x_wconf 79' lang='lat' dir='ltr'><strong>intelligitur</strong></span> <span class='ocrx_word' id='word_1_72' title='bbox 1051 1135 1138 1200; x_wconf 83' lang='lat' dir='ltr'><strong>facta,</strong></span> 
     </span>
     <span class='ocr_line' id='line_1_11' title="bbox 179 1219 1138 1280; baseline -0.001 -3"><span class='ocrx_word' id='word_1_73' title='bbox 179 1225 212 1277; x_wconf 88' lang='lat'><strong>10</strong></span> <span class='ocrx_word' id='word_1_74' title='bbox 230 1224 280 1278; x_wconf 90' lang='lat' dir='ltr'><strong>sed</strong></span> <span class='ocrx_word' id='word_1_75' title='bbox 312 1228 414 1280; x_wconf 87' lang='lat' dir='ltr'><strong>natura</strong></span> <span class='ocrx_word' id='word_1_76' title='bbox 443 1221 572 1277; x_wconf 88' lang='lat' dir='ltr'><strong>hominis.</strong></span> <span class='ocrx_word' id='word_1_77' title='bbox 590 1221 713 1278; x_wconf 86' lang='lat' dir='ltr'><strong>creditur</strong></span> <span class='ocrx_word' id='word_1_78' title='bbox 743 1222 871 1278; x_wconf 82' lang='lat' dir='ltr'><strong>exaltata.</strong></span> <span class='ocrx_word' id='word_1_79' title='bbox 912 1224 981 1276; x_wconf 79' lang='lat' dir='ltr'><strong>Boo.</strong></span> <span class='ocrx_word' id='word_1_80' title='bbox 1016 1219 1062 1276; x_wconf 86' lang='lat' dir='ltr'><strong>Ita</strong></span> <span class='ocrx_word' id='word_1_81' title='bbox 1086 1221 1138 1278; x_wconf 83' lang='lat' dir='ltr'><strong>sit:</strong></span> 
     </span>
     <span class='ocr_line' id='line_1_12' title="bbox 229 1305 1138 1378; baseline -0.003 -14"><span class='ocrx_word' id='word_1_82' title='bbox 229 1309 300 1364; x_wconf 87' lang='lat' dir='ltr'><strong>nihil</strong></span> <span class='ocrx_word' id='word_1_83' title='bbox 323 1308 475 1378; x_wconf 88' lang='lat' dir='ltr'><strong>imputetur</strong></span> <span class='ocrx_word' id='word_1_84' title='bbox 498 1306 608 1362; x_wconf 88' lang='lat' dir='ltr'><strong>divinae</strong></span> <span class='ocrx_word' id='word_1_85' title='bbox 635 1313 766 1373; x_wconf 88' lang='lat' dir='ltr'><strong>naturae,</strong></span> <span class='ocrx_word' id='word_1_86' title='bbox 791 1306 867 1378; x_wconf 89' lang='lat' dir='ltr'><strong>quod</strong></span> <span class='ocrx_word' id='word_1_87' title='bbox 891 1307 1044 1362; x_wconf 88' lang='lat' dir='ltr'><strong>secundum</strong></span> <span class='ocrx_word' id='word_1_88' title='bbox 1062 1305 1138 1361; x_wconf 88' lang='lat' dir='ltr'><strong>infir·</strong></span> 
     </span>
     <span class='ocr_line' id='line_1_13' title="bbox 229 1392 1137 1463; baseline 0.001 -14"><span class='ocrx_word' id='word_1_89' title='bbox 229 1394 355 1449; x_wconf 90' lang='lat' dir='ltr'><strong>mitatem</strong></span> <span class='ocrx_word' id='word_1_90' title='bbox 380 1393 499 1450; x_wconf 87' lang='lat' dir='ltr'><strong>hominis</strong></span> <span class='ocrx_word' id='word_1_91' title='bbox 529 1396 564 1450; x_wconf 90' lang='lat' dir='ltr'><strong>de</strong></span> <span class='ocrx_word' id='word_1_92' title='bbox 590 1393 699 1450; x_wconf 82' lang='lat' dir='ltr'><strong>Christo</strong></span> <span class='ocrx_word' id='word_1_93' title='bbox 729 1393 844 1461; x_wconf 77' lang='lat' dir='ltr'><strong>dicituu3</strong></span> <span class='ocrx_word' id='word_1_94' title='bbox 876 1408 972 1446; x_wconf 86' lang='lat' dir='ltr'><strong>verum</strong></span> <span class='ocrx_word' id='word_1_95' title='bbox 998 1392 1137 1463; x_wconf 88' lang='lat' dir='ltr'><strong>quomodo</strong></span> 
     </span>
     <span class='ocr_line' id='line_1_14' title="bbox 228 1475 1137 1550; baseline -0.002 -16"><span class='ocrx_word' id='word_1_96' title='bbox 228 1479 333 1534; x_wconf 91' lang='lat' dir='ltr'><strong>iustum</strong></span> <span class='ocrx_word' id='word_1_97' title='bbox 351 1484 400 1533; x_wconf 91' lang='lat' dir='ltr'><strong>aut</strong></span> <span class='ocrx_word' id='word_1_98' title='bbox 416 1480 582 1535; x_wconf 79' lang='lat' dir='ltr'><strong>rationabile</strong></span> <span class='ocrx_word' id='word_1_99' title='bbox 601 1477 715 1550; x_wconf 89' lang='lat' dir='ltr'><strong>probari</strong></span> <span class='ocrx_word' id='word_1_100' title='bbox 731 1475 848 1549; x_wconf 76' lang='lat' dir='ltr'><strong>poterit,</strong></span> <span class='ocrx_word' id='word_1_101' title='bbox 873 1477 940 1548; x_wconf 88' lang='lat' dir='ltr'><strong>quia</strong></span> <span class='ocrx_word' id='word_1_102' title='bbox 954 1476 1031 1534; x_wconf 85' lang='lat' dir='ltr'><strong>Deus</strong></span> <span class='ocrx_word' id='word_1_103' title='bbox 1049 1475 1137 1534; x_wconf 90' lang='lat' dir='ltr'><strong>homi·</strong></span> 
     </span>
     <span class='ocr_line' id='line_1_15' title="bbox 228 1547 1138 1634; baseline -0.001 -15"><span class='ocrx_word' id='word_1_104' title='bbox 228 1582 293 1621; x_wconf 91' lang='lat' dir='ltr'><strong>nem</strong></span> <span class='ocrx_word' id='word_1_105' title='bbox 316 1547 408 1633; x_wconf 89' lang='lat' dir='ltr'><strong>illum,</strong></span> <span class='ocrx_word' id='word_1_106' title='bbox 433 1580 517 1634; x_wconf 85' lang='lat' dir='ltr'><strong>quem</strong></span> <span class='ocrx_word' id='word_1_107' title='bbox 536 1564 621 1618; x_wconf 89' lang='lat' dir='ltr'><strong>Pater</strong></span> <span class='ocrx_word' id='word_1_108' title='bbox 638 1563 742 1618; x_wconf 83' lang='lat' dir='ltr'><strong>Filium</strong></span> <span class='ocrx_word' id='word_1_109' title='bbox 764 1580 846 1616; x_wconf 90' lang='lat' dir='ltr'><strong>suum</strong></span> <span class='ocrx_word' id='word_1_110' title='bbox 871 1562 1004 1616; x_wconf 90' lang='lat' dir='ltr'><strong>dilectum</strong></span> <span class='ocrx_word' id='word_1_111' title='bbox 1027 1561 1057 1617; x_wconf 92' lang='lat' dir='ltr'><strong>in</strong></span> <span class='ocrx_word' id='word_1_112' title='bbox 1081 1580 1138 1634; x_wconf 91' lang='lat' dir='ltr'><strong>quo</strong></span> 
     </span>
     <span class='ocr_line' id='line_1_16' title="bbox 230 1646 1137 1718; baseline -0.002 -14"><span class='ocrx_word' id='word_1_113' title='bbox 230 1650 284 1705; x_wconf 90' lang='lat' dir='ltr'><strong>sibi</strong></span> <span class='ocrx_word' id='word_1_114' title='bbox 300 1647 373 1703; x_wconf 88' lang='lat' dir='ltr'><strong>bene</strong></span> <span class='ocrx_word' id='word_1_115' title='bbox 393 1648 575 1718; x_wconf 88' lang='lat' dir='ltr'><strong>complacuit,</strong></span> <span class='ocrx_word' id='word_1_116' title='bbox 597 1647 736 1716; x_wconf 81' lang='lat' dir='ltr'><strong>vocavit2)</strong></span> <span class='ocrx_word' id='word_1_117' title='bbox 755 1653 784 1702; x_wconf 88' lang='lat' dir='ltr'><strong>et</strong></span> <span class='ocrx_word' id='word_1_118' title='bbox 803 1664 886 1718; x_wconf 88' lang='lat' dir='ltr'><strong>quem</strong></span> <span class='ocrx_word' id='word_1_119' title='bbox 904 1646 993 1702; x_wconf 83' lang='lat' dir='ltr'><strong>Filius</strong></span> <span class='ocrx_word' id='word_1_120' title='bbox 1013 1647 1137 1718; x_wconf 89' lang='lat' dir='ltr'><strong>seipsum</strong></span> 
     </span>
     <span class='ocr_line' id='line_1_17' title="bbox 179 1731 1138 1804; baseline 0.001 -17"><span class='ocrx_word' id='word_1_121' title='bbox 179 1735 209 1787; x_wconf 90' lang='lat'><strong>11</strong></span> <span class='ocrx_word' id='word_1_122' title='bbox 229 1733 310 1800; x_wconf 84' lang='lat' dir='ltr'><strong>fecit,</strong></span> <span class='ocrx_word' id='word_1_123' title='bbox 332 1731 373 1787; x_wconf 87' lang='lat' dir='ltr'><strong>sic</strong></span> <span class='ocrx_word' id='word_1_124' title='bbox 396 1732 529 1786; x_wconf 84' lang='lat' dir='ltr'><strong>tractavit</strong></span> <span class='ocrx_word' id='word_1_125' title='bbox 552 1736 603 1786; x_wconf 87' lang='lat' dir='ltr'><strong>aut</strong></span> <span class='ocrx_word' id='word_1_126' title='bbox 627 1732 743 1786; x_wconf 87' lang='lat' dir='ltr'><strong>tractari</strong></span> <span class='ocrx_word' id='word_1_127' title='bbox 766 1733 913 1804; x_wconf 79' lang='lat' dir='ltr'><strong>permisit?</strong></span> <span class='ocrx_word' id='word_1_128' title='bbox 948 1732 1027 1798; x_wconf 82' lang='lat' dir='ltr'><strong>Quae</strong></span> <span class='ocrx_word' id='word_1_129' title='bbox 1043 1739 1138 1788; x_wconf 84' lang='lat' dir='ltr'><strong>autem</strong></span> 
     </span>
     <span class='ocr_line' id='line_1_18' title="bbox 229 1817 1138 1886; baseline -0.001 -14"><span class='ocrx_word' id='word_1_130' title='bbox 229 1817 337 1882; x_wconf 83' lang='lat' dir='ltr'><strong>iustitia</strong></span> <span class='ocrx_word' id='word_1_131' title='bbox 356 1822 405 1886; x_wconf 87' lang='lat' dir='ltr'><strong>est,</strong></span> <span class='ocrx_word' id='word_1_132' title='bbox 429 1817 568 1878; x_wconf 88' lang='lat' dir='ltr'><strong>hominem</strong></span> <span class='ocrx_word' id='word_1_133' title='bbox 587 1818 709 1872; x_wconf 90' lang='lat' dir='ltr'><strong>omnium</strong></span> <span class='ocrx_word' id='word_1_134' title='bbox 726 1818 906 1873; x_wconf 87' lang='lat' dir='ltr'><strong>iustissimum</strong></span> <span class='ocrx_word' id='word_1_135' title='bbox 927 1817 1011 1873; x_wconf 88' lang='lat' dir='ltr'><strong>morti</strong></span> <span class='ocrx_word' id='word_1_136' title='bbox 1026 1817 1138 1872; x_wconf 67' lang='lat' dir='ltr'><strong>madere</strong></span> 
     </span>
     <span class='ocr_line' id='line_1_19' title="bbox 229 1901 1138 1978; baseline 0 -22"><span class='ocrx_word' id='word_1_137' title='bbox 229 1920 281 1974; x_wconf 90' lang='lat' dir='ltr'><strong>pro</strong></span> <span class='ocrx_word' id='word_1_138' title='bbox 311 1901 476 1978; x_wconf 79' lang='lat' dir='ltr'><strong>peccatore?</strong></span> <span class='ocrx_word' id='word_1_139' title='bbox 521 1901 589 1966; x_wconf 82' lang='lat' dir='ltr'><strong>Quis</strong></span> <span class='ocrx_word' id='word_1_140' title='bbox 617 1902 710 1974; x_wconf 91' lang='lat' dir='ltr'><strong>homo,</strong></span> <span class='ocrx_word' id='word_1_141' title='bbox 739 1903 763 1958; x_wconf 90' lang='lat' dir='ltr'><strong>si</strong></span> <span class='ocrx_word' id='word_1_142' title='bbox 789 1904 963 1961; x_wconf 81' lang='lat' dir='ltr'><strong>innocentem</strong></span> <span class='ocrx_word' id='word_1_143' title='bbox 992 1903 1138 1958; x_wconf 83' lang='lat' dir='ltr'><strong>damnaret</strong></span> 
     </span>
     <span class='ocr_line' id='line_1_20' title="bbox 181 1986 1137 2056; baseline -0.001 -13"><span class='ocrx_word' id='word_1_144' title='bbox 181 1989 212 2043; x_wconf 78' lang='lat'><strong>12</strong></span> <span class='ocrx_word' id='word_1_145' title='bbox 230 1994 263 2044; x_wconf 86' lang='lat' dir='ltr'><strong>ut</strong></span> <span class='ocrx_word' id='word_1_146' title='bbox 280 1992 425 2043; x_wconf 77' lang='lat' dir='ltr'><strong>nocentem</strong></span> <span class='ocrx_word' id='word_1_147' title='bbox 443 1986 584 2056; x_wconf 89' lang='lat' dir='ltr'><strong>liberaret,</strong></span> <span class='ocrx_word' id='word_1_148' title='bbox 602 1987 776 2044; x_wconf 83' lang='lat' dir='ltr'><strong>damnandus</strong></span> <span class='ocrx_word' id='word_1_149' title='bbox 792 2008 848 2045; x_wconf 90' lang='lat' dir='ltr'><strong>non</strong></span> <span class='ocrx_word' id='word_1_150' title='bbox 865 1987 1053 2044; x_wconf 85' lang='lat' dir='ltr'><strong>iudicaretur?</strong></span> <span class='ocrx_word' id='word_1_151' title='bbox 1088 1987 1137 2042; x_wconf 87' lang='lat' dir='ltr'><strong>Ad</strong></span> 
     </span>
     <span class='ocr_line' id='line_1_21' title="bbox 230 2072 1138 2146; baseline 0.002 -18"><span class='ocrx_word' id='word_1_152' title='bbox 230 2074 305 2130; x_wconf 91' lang='lat' dir='ltr'><strong>idem</strong></span> <span class='ocrx_word' id='word_1_153' title='bbox 337 2075 411 2143; x_wconf 79' lang='lat' dir='ltr'><strong>res³)</strong></span> <span class='ocrx_word' id='word_1_154' title='bbox 441 2073 543 2130; x_wconf 89' lang='lat' dir='ltr'><strong>deduci</strong></span> <span class='ocrx_word' id='word_1_155' title='bbox 570 2072 682 2127; x_wconf 83' lang='lat' dir='ltr'><strong>videtur</strong></span> <span class='ocrx_word' id='word_1_156' title='bbox 711 2073 920 2144; x_wconf 80' lang='lat' dir='ltr'><strong>inconveniens,</strong></span> <span class='ocrx_word' id='word_1_157' title='bbox 947 2075 1022 2145; x_wconf 86' lang='lat' dir='ltr'><strong>quod</strong></span> <span class='ocrx_word' id='word_1_158' title='bbox 1053 2091 1138 2146; x_wconf 87' lang='lat' dir='ltr'><strong>supra</strong></span> 
     </span>
     <span class='ocr_line' id='line_1_22' title="bbox 231 2158 1136 2230; baseline 0.001 -18"><span class='ocrx_word' id='word_1_159' title='bbox 231 2159 338 2213; x_wconf 89' lang='lat' dir='ltr'><strong>dictum</strong></span> <span class='ocrx_word' id='word_1_160' title='bbox 364 2164 412 2214; x_wconf 86' lang='lat' dir='ltr'><strong>est</strong></span> <span class='ocrx_word' id='word_1_161' title='bbox 446 2159 520 2216; x_wconf 85' lang='lat' dir='ltr'><strong>Nam</strong></span> <span class='ocrx_word' id='word_1_162' title='bbox 546 2158 570 2214; x_wconf 89' lang='lat' dir='ltr'><strong>si</strong></span> <span class='ocrx_word' id='word_1_163' title='bbox 598 2158 679 2216; x_wconf 86' lang='lat' dir='ltr'><strong>aliter</strong></span> <span class='ocrx_word' id='word_1_164' title='bbox 707 2163 867 2230; x_wconf 83' lang='lat' dir='ltr'><strong>peccatores</strong></span> <span class='ocrx_word' id='word_1_165' title='bbox 889 2177 946 2216; x_wconf 91' lang='lat' dir='ltr'><strong>non</strong></span> <span class='ocrx_word' id='word_1_166' title='bbox 968 2159 1060 2230; x_wconf 89' lang='lat' dir='ltr'><strong>potuit</strong></span> <span class='ocrx_word' id='word_1_167' title='bbox 1083 2159 1136 2214; x_wconf 86' lang='lat' dir='ltr'><strong>sal-</strong></span> 
     </span>
     <span class='ocr_line' id='line_1_23' title="bbox 229 2243 1137 2318; baseline 0.006 -20"><span class='ocrx_word' id='word_1_168' title='bbox 229 2260 297 2299; x_wconf 80' lang='lat' dir='ltr'><strong>aare</strong></span> <span class='ocrx_word' id='word_1_169' title='bbox 315 2260 399 2316; x_wconf 91' lang='lat' dir='ltr'><strong>quam</strong></span> <span class='ocrx_word' id='word_1_170' title='bbox 416 2243 521 2300; x_wconf 90' lang='lat' dir='ltr'><strong>iustum</strong></span> <span class='ocrx_word' id='word_1_171' title='bbox 546 2244 717 2313; x_wconf 86' lang='lat' dir='ltr'><strong>damnando,</strong></span> <span class='ocrx_word' id='word_1_172' title='bbox 743 2244 794 2300; x_wconf 94' lang='lat' dir='ltr'><strong>ubi</strong></span> <span class='ocrx_word' id='word_1_173' title='bbox 819 2250 861 2299; x_wconf 87' lang='lat' dir='ltr'><strong>est</strong></span> <span class='ocrx_word' id='word_1_174' title='bbox 882 2247 941 2302; x_wconf 88' lang='lat' dir='ltr'><strong>eius</strong></span> <span class='ocrx_word' id='word_1_175' title='bbox 966 2247 1137 2318; x_wconf 89' lang='lat' dir='ltr'><strong>omnipoten-</strong></span> 
     </span>
     <span class='ocr_line' id='line_1_24' title="bbox 180 2328 1137 2400; baseline 0.004 -16"><span class='ocrx_word' id='word_1_176' title='bbox 180 2331 213 2384; x_wconf 89' lang='grc'><strong>13</strong></span> <span class='ocrx_word' id='word_1_177' title='bbox 230 2328 290 2384; x_wconf 81' lang='lat' dir='ltr'><strong>tia?</strong></span> <span class='ocrx_word' id='word_1_178' title='bbox 331 2328 361 2384; x_wconf 82' lang='lat' dir='ltr'><strong>si</strong></span> <span class='ocrx_word' id='word_1_179' title='bbox 386 2345 450 2384; x_wconf 89' lang='lat' dir='ltr'><strong>vero</strong></span> <span class='ocrx_word' id='word_1_180' title='bbox 475 2331 567 2399; x_wconf 87' lang='lat' dir='ltr'><strong>potuit</strong></span> <span class='ocrx_word' id='word_1_181' title='bbox 591 2331 640 2385; x_wconf 83' lang='lat' dir='ltr'><strong>sed</strong></span> <span class='ocrx_word' id='word_1_182' title='bbox 653 2329 764 2398; x_wconf 89' lang='lat' dir='ltr'><strong>noluit,</strong></span> <span class='ocrx_word' id='word_1_183' title='bbox 796 2330 934 2400; x_wconf 85' lang='lat' dir='ltr'><strong>quomodo</strong></span> <span class='ocrx_word' id='word_1_184' title='bbox 957 2333 1137 2389; x_wconf 83' lang='lat' dir='ltr'><strong>defendemus</strong></span> 
     </span>
     <span class='ocr_line' id='line_1_25' title="bbox 181 2413 1137 2488; baseline 0.003 -19"><span class='ocrx_word' id='word_1_185' title='bbox 181 2417 217 2470; x_wconf 79' lang='lat'><strong>14</strong></span> <span class='ocrx_word' id='word_1_186' title='bbox 231 2413 397 2484; x_wconf 86' lang='lat' dir='ltr'><strong>sapientiam</strong></span> <span class='ocrx_word' id='word_1_187' title='bbox 414 2413 473 2468; x_wconf 89' lang='lat' dir='ltr'><strong>eius</strong></span> <span class='ocrx_word' id='word_1_188' title='bbox 490 2421 575 2484; x_wconf 90' lang='lat' dir='ltr'><strong>atque</strong></span> <span class='ocrx_word' id='word_1_189' title='bbox 594 2413 748 2470; x_wconf 81' lang='lat' dir='ltr'><strong>iustitiam?</strong></span> <span class='ocrx_word' id='word_1_190' title='bbox 782 2416 852 2470; x_wconf 79' lang='lat' dir='ltr'><strong>Aac.</strong></span> <span class='ocrx_word' id='word_1_191' title='bbox 876 2416 954 2473; x_wconf 85' lang='lat' dir='ltr'><strong>Deus</strong></span> <span class='ocrx_word' id='word_1_192' title='bbox 972 2417 1057 2473; x_wconf 84' lang='lat' dir='ltr'><strong>Pater</strong></span> <span class='ocrx_word' id='word_1_193' title='bbox 1072 2435 1137 2488; x_wconf 80' lang='lat' dir='ltr'><strong>non,</strong></span> 
     </span>
     <span class='ocr_line' id='line_1_26' title="bbox 231 2498 1138 2572; baseline 0.006 -18"><span class='ocrx_word' id='word_1_194' title='bbox 231 2498 465 2572; x_wconf 89' lang='lat' dir='ltr'><strong>quemadmodum</strong></span> <span class='ocrx_word' id='word_1_195' title='bbox 487 2498 591 2552; x_wconf 87' lang='lat' dir='ltr'><strong>videris</strong></span> <span class='ocrx_word' id='word_1_196' title='bbox 614 2498 784 2571; x_wconf 81' lang='lat' dir='ltr'><strong>intelligere,</strong></span> <span class='ocrx_word' id='word_1_197' title='bbox 811 2501 950 2558; x_wconf 88' lang='lat' dir='ltr'><strong>hominem</strong></span> <span class='ocrx_word' id='word_1_198' title='bbox 975 2502 1054 2558; x_wconf 91' lang='lat' dir='ltr'><strong>illum</strong></span> <span class='ocrx_word' id='word_1_199' title='bbox 1081 2509 1138 2558; x_wconf 87' lang='lat' dir='ltr'><strong>tra·</strong></span> 
     </span>
     <span class='ocr_line' id='line_1_27' title="bbox 181 2583 1138 2653; baseline 0.004 -14"><span class='ocrx_word' id='word_1_200' title='bbox 181 2587 213 2639; x_wconf 84' lang='lat'><strong>15</strong></span> <span class='ocrx_word' id='word_1_201' title='bbox 231 2583 318 2641; x_wconf 89' lang='lat' dir='ltr'><strong>ctavit</strong></span> <span class='ocrx_word' id='word_1_202' title='bbox 342 2590 392 2639; x_wconf 88' lang='lat' dir='ltr'><strong>aut</strong></span> <span class='ocrx_word' id='word_1_203' title='bbox 415 2583 590 2638; x_wconf 86' lang='lat' dir='ltr'><strong>innocentem</strong></span> <span class='ocrx_word' id='word_1_204' title='bbox 611 2600 662 2653; x_wconf 90' lang='lat' dir='ltr'><strong>pro</strong></span> <span class='ocrx_word' id='word_1_205' title='bbox 680 2591 796 2640; x_wconf 84' lang='lat' dir='ltr'><strong>nocente</strong></span> <span class='ocrx_word' id='word_1_206' title='bbox 814 2587 897 2640; x_wconf 89' lang='lat' dir='ltr'><strong>morti</strong></span> <span class='ocrx_word' id='word_1_207' title='bbox 914 2587 1038 2644; x_wconf 85' lang='lat' dir='ltr'><strong>tradidit.</strong></span> <span class='ocrx_word' id='word_1_208' title='bbox 1072 2589 1138 2646; x_wconf 87' lang='lat' dir='ltr'><strong>Non</strong></span> 
     </span>
     <span class='ocr_line' id='line_1_28' title="bbox 231 2667 1138 2745; baseline 0.003 -20"><span class='ocrx_word' id='word_1_209' title='bbox 231 2670 305 2725; x_wconf 90' lang='lat' dir='ltr'><strong>enim</strong></span> <span class='ocrx_word' id='word_1_210' title='bbox 332 2687 396 2725; x_wconf 93' lang='lat' dir='ltr'><strong>eum</strong></span> <span class='ocrx_word' id='word_1_211' title='bbox 426 2667 542 2724; x_wconf 88' lang='lat' dir='ltr'><strong>invitum</strong></span> <span class='ocrx_word' id='word_1_212' title='bbox 570 2668 608 2722; x_wconf 91' lang='lat' dir='ltr'><strong>ad</strong></span> <span class='ocrx_word' id='word_1_213' title='bbox 638 2675 755 2724; x_wconf 89' lang='lat' dir='ltr'><strong>mortem</strong></span> <span class='ocrx_word' id='word_1_214' title='bbox 783 2671 831 2726; x_wconf 87' lang='lat' dir='ltr'><strong>ille</strong></span> <span class='ocrx_word' id='word_1_215' title='bbox 856 2673 949 2745; x_wconf 81' lang='lat' dir='ltr'><strong>coe&#39;git</strong></span> <span class='ocrx_word' id='word_1_216' title='bbox 972 2680 1022 2729; x_wconf 89' lang='lat' dir='ltr'><strong>aut</strong></span> <span class='ocrx_word' id='word_1_217' title='bbox 1046 2674 1138 2729; x_wconf 91' lang='lat' dir='ltr'><strong>occidi</strong></span> 
     </span>
     <span class='ocr_line' id='line_1_29' title="bbox 230 2753 1143 2830; baseline 0.004 -20"><span class='ocrx_word' id='word_1_218' title='bbox 230 2755 371 2827; x_wconf 84' lang='lat' dir='ltr'><strong>permisit,</strong></span> <span class='ocrx_word' id='word_1_219' title='bbox 388 2755 438 2810; x_wconf 87' lang='lat' dir='ltr'><strong>sed</strong></span> <span class='ocrx_word' id='word_1_220' title='bbox 457 2755 531 2809; x_wconf 90' lang='lat' dir='ltr'><strong>idem</strong></span> <span class='ocrx_word' id='word_1_221' title='bbox 550 2753 610 2824; x_wconf 90' lang='lat' dir='ltr'><strong>ipse</strong></span> <span class='ocrx_word' id='word_1_222' title='bbox 629 2760 727 2826; x_wconf 88' lang='lat' dir='ltr'><strong>sponte</strong></span> <span class='ocrx_word' id='word_1_223' title='bbox 745 2772 795 2810; x_wconf 89' lang='lat' dir='ltr'><strong>sua</strong></span> <span class='ocrx_word' id='word_1_224' title='bbox 811 2763 928 2815; x_wconf 88' lang='lat' dir='ltr'><strong>mortem</strong></span> <span class='ocrx_word' id='word_1_225' title='bbox 945 2758 1088 2830; x_wconf 86' lang='lat' dir='ltr'><strong>sustinuit,</strong></span> <span class='ocrx_word' id='word_1_226' title='bbox 1105 2765 1143 2814; x_wconf 90' lang='lat' dir='ltr'><strong>ut.</strong></span> 
     </span>
     <span class='ocr_line' id='line_1_30' title="bbox 181 2838 1138 2916; baseline 0.004 -20"><span class='ocrx_word' id='word_1_227' title='bbox 181 2843 213 2896; x_wconf 84' lang='lat'><strong>16</strong></span> <span class='ocrx_word' id='word_1_228' title='bbox 230 2838 354 2894; x_wconf 87' lang='lat' dir='ltr'><strong>homines</strong></span> <span class='ocrx_word' id='word_1_229' title='bbox 374 2840 500 2895; x_wconf 85' lang='lat' dir='ltr'><strong>salvaret.</strong></span> <span class='ocrx_word' id='word_1_230' title='bbox 535 2841 605 2898; x_wconf 79' lang='lat' dir='ltr'><strong>Boe.</strong></span> <span class='ocrx_word' id='word_1_231' title='bbox 641 2840 733 2896; x_wconf 84' lang='lat' dir='ltr'><strong>Etiam</strong></span> <span class='ocrx_word' id='word_1_232' title='bbox 750 2841 775 2896; x_wconf 90' lang='lat' dir='ltr'><strong>si</strong></span> <span class='ocrx_word' id='word_1_233' title='bbox 791 2860 847 2897; x_wconf 90' lang='lat' dir='ltr'><strong>non</strong></span> <span class='ocrx_word' id='word_1_234' title='bbox 863 2842 989 2914; x_wconf 83' lang='lat' dir='ltr'><strong>invitum,</strong></span> <span class='ocrx_word' id='word_1_235' title='bbox 1006 2845 1138 2916; x_wconf 88' lang='lat' dir='ltr'><strong>quoniam</strong></span> 
     </span>
     <span class='ocr_line' id='line_1_31' title="bbox 229 2921 1138 2998; baseline 0.006 -18"><span class='ocrx_word' id='word_1_236' title='bbox 229 2923 367 2982; x_wconf 83' lang='lat' dir='ltr'><strong>voluntati</strong></span> <span class='ocrx_word' id='word_1_237' title='bbox 398 2925 491 2978; x_wconf 87' lang='lat' dir='ltr'><strong>Patris</strong></span> <span class='ocrx_word' id='word_1_238' title='bbox 517 2921 671 2996; x_wconf 87' lang='lat' dir='ltr'><strong>consensit,</strong></span> <span class='ocrx_word' id='word_1_239' title='bbox 702 2926 906 2998; x_wconf 90' lang='lat' dir='ltr'><strong>quodammodo</strong></span> <span class='ocrx_word' id='word_1_240' title='bbox 938 2935 1030 2984; x_wconf 85' lang='lat' dir='ltr'><strong>tamen</strong></span> <span class='ocrx_word' id='word_1_241' title='bbox 1058 2930 1138 2984; x_wconf 91' lang='lat' dir='ltr'><strong>illum</strong></span> 
     </span>
     <span class='ocr_line' id='line_1_32' title="bbox 180 3009 1138 3086; baseline 0.003 -18"><span class='ocrx_word' id='word_1_242' title='bbox 180 3015 212 3068; x_wconf 84' lang='lat'><strong>17</strong></span> <span class='ocrx_word' id='word_1_243' title='bbox 230 3011 357 3084; x_wconf 69' lang='lat' dir='ltr'><strong>coegisse</strong></span> <span class='ocrx_word' id='word_1_244' title='bbox 395 3009 506 3064; x_wconf 82' lang='lat' dir='ltr'><strong>videtur</strong></span> <span class='ocrx_word' id='word_1_245' title='bbox 538 3010 743 3082; x_wconf 87' lang='lat' dir='ltr'><strong>praecipiendo.</strong></span> <span class='ocrx_word' id='word_1_246' title='bbox 796 3011 908 3067; x_wconf 89' lang='lat' dir='ltr'><strong>Dicitur</strong></span> <span class='ocrx_word' id='word_1_247' title='bbox 943 3014 1031 3086; x_wconf 90' lang='lat' dir='ltr'><strong>enim,</strong></span> <span class='ocrx_word' id='word_1_248' title='bbox 1070 3015 1138 3086; x_wconf 87' lang='lat' dir='ltr'><strong>quia</strong></span> 
     </span>
    </p>
   </div>
   <div class='ocr_carea' id='block_1_3' title="bbox 302 3196 956 3406">
    <p class='ocr_par' dir='ltr' id='par_1_3' title="bbox 302 3196 956 3406">
     <span class='ocr_line' id='line_1_33' title="bbox 302 3196 948 3255; baseline -0.002 -1"><span class='ocrx_word' id='word_1_249' title='bbox 302 3203 315 3255; x_wconf 92' lang='lat'>1</span> <span class='ocrx_word' id='word_1_250' title='bbox 345 3216 376 3252; x_wconf 82' lang='lat' dir='ltr'><strong>cr</strong></span> <span class='ocrx_word' id='word_1_251' title='bbox 395 3215 411 3252; x_wconf 92' lang='lat' dir='ltr'><strong>o</strong></span> <span class='ocrx_word' id='word_1_252' title='bbox 428 3199 459 3252; x_wconf 85' lang='lat' dir='ltr'><strong>ia</strong></span> <span class='ocrx_word' id='word_1_253' title='bbox 478 3198 675 3252; x_wconf 77' lang='lat' dir='ltr'><strong>incarnatione</strong></span> <span class='ocrx_word' id='word_1_254' title='bbox 693 3196 801 3255; x_wconf 85' lang='lat' dir='ltr'><strong>Aabc</strong></span> <span class='ocrx_word' id='word_1_255' title='bbox 818 3197 849 3254; x_wconf 82' lang='lat' dir='ltr'><strong>C.</strong></span> <span class='ocrx_word' id='word_1_256' title='bbox 944 3227 948 3232; x_wconf 43' lang='lat' dir='ltr'>f</span> 
     </span>
     <span class='ocr_line' id='line_1_34' title="bbox 302 3217 623 3336; baseline 0 -14"><span class='ocrx_word' id='word_1_257' title='bbox 302 3273 317 3322; x_wconf 84' lang='lat'>2</span> <span class='ocrx_word' id='word_1_258' title='bbox 348 3217 522 3322; x_wconf 61' lang='lat' dir='ltr'><strong>clusam.</strong></span> <span class='ocrx_word' id='word_1_259' title='bbox 540 3272 564 3336; x_wconf 83' lang='grc'><strong>3,</strong></span> <span class='ocrx_word' id='word_1_260' title='bbox 584 3273 623 3323; x_wconf 82' lang='grc'><strong>17.</strong></span> 
     </span>
     <span class='ocr_line' id='line_1_35' title="bbox 302 3335 956 3406; baseline -0.005 -15"><span class='ocrx_word' id='word_1_261' title='bbox 302 3340 320 3390; x_wconf 82' lang='grc'>3</span> <span class='ocrx_word' id='word_1_262' title='bbox 350 3335 453 3391; x_wconf 88' lang='lat' dir='ltr'><strong>Omnes</strong></span> <span class='ocrx_word' id='word_1_263' title='bbox 469 3335 550 3392; x_wconf 91' lang='lat' dir='ltr'><strong>codd.</strong></span> <span class='ocrx_word' id='word_1_264' title='bbox 570 3336 658 3393; x_wconf 90' lang='lat' dir='ltr'><strong>omitt.</strong></span> <span class='ocrx_word' id='word_1_265' title='bbox 678 3335 825 3406; x_wconf 54' lang='lat' dir='ltr'><strong>„caim‘fa</strong></span> <span class='ocrx_word' id='word_1_266' title='bbox 845 3337 956 3405; x_wconf 79' lang='lat' dir='ltr'><strong>„erpo.“</strong></span> 
     </span>
    </p>
   </div>
   <div class='ocr_carea' id='block_1_4' title="bbox 0 0 1322 3806">
    <p class='ocr_par' dir='ltr' id='par_1_4' title="bbox 0 0 1322 3806">
     <span class='ocr_line' id='line_1_36' title="bbox 0 0 1322 3806; baseline 0 0"><span class='ocrx_word' id='word_1_267' title='bbox 0 0 1322 3806; x_wconf 95' lang='lat' dir='ltr'><strong> </strong></span> 
     </span>
    </p>
   </div>
  </div>
 </body>
</html>
