2636 3806
242 255 285 331 66
423 255 965 330 MUSELWMNTUABIENSE

190 431 225 486 ll
244 427 411 484 detetnon
428 442 462 484 ex
485 427 580 486 debito
596 427 697 496 neno
730 430 803 485 Boe.
838 427 951 485 lneet
985 428 1057 500 ᾼιιε.
1090 426 1154 494 11oe

243 519 337 570 autem
366 529 418 572 nee
450 512 502 573 eub
532 512 581 568 illo
607 529 661 568 nee
688 519 770 580 extra
800 513 879 570 illum
905 511 1026 570 inveniri
1051 518 1151 584 potest.

83 673 85 676 Ι
193 604 227 660 12
244 599 313 654 Boe.
351 599 456 656 veum
473 603 523 656 eet.
557 600 628 654 Am.
653 597 687 654 In
704 598 867 672 ipsoligitur
886 597 1082 656 inveniendum
1101 605 1150 654 eet

243 681 314 741 Boe.
331 683 379 740 sie
395 682 529 754 nequitur.
563 683 632 738 Aoo.
655 681 716 738 Aut
732 681 819 754 igitur
835 682 959 754 ιοὶριιιιιι
977 690 1027 740 aut
1044 681 1151 756 aliquid
1214 673 1229 694 '

98 845 101 851 Ι
195 776 227 828 13
244 769 281 823 de
297 786 328 826 ee
344 768 430 824 debit
464 770 534 828 Boe..
562 768 625 826 Non
649 785 763 839 pereum
781 767 861 824 aliter
878 767 1042 840 intelligere
1077 770 1150 826 Am.

245 853 440 920 Quaerendum
469 860 512 911 ert
539 871 627 925 nune,
656 853 813 910 cuiusmodi
840 853 909 912 haee
937 853 1013 910 datio
1039 853 1152 914 debebit

144 925 147 944 '
244 956 314 999 eeee.
348 937 426 994 Dare
447 955 567 1010 namque
590 955 620 996 se
643 956 699 998 non
720 937 824 1010 poterit
838 937 900 994 Deo
920 942 970 996 aut
987 937 1095 1009 aliquid
1116 940 1152 994 de

244 1041 275 1080 ee
292 1022 373 1094 quasi
391 1040 447 1082 non
464 1023 590 1095 habenti,
613 1030 646 1080 ut
661 1041 729 1080 eune
747 1022 799 1094 εἰη
822 1021 953 1096 quoniam
968 1023 1058 1080 omnia
1076 1040 1151 1082 orua-

183 1108 229 1160 -14
245 1114 309 1164 tura
327 1105 383 1164 Dei
397 1114 449 1164 eet
486 1110 557 1164 Boe.
578 1108 624 1166 Sic
641 1114 693 1164 eet.
730 1107 801 1162 Aue.
817 1107 864 1164 sie
885 1125 951 1182 ergo
968 1108 1153 1182 intelligenda

245 1199 288 1253 eet
306 1192 375 1254 haee
396 1192 484 1264 datio,
511 1195 578 1266 quie
601 1195 694 1267 aliquo
718 1191 800 1246 modo
816 1197 902 1262 ponet
918 1210 949 1248 ee
965 1193 1002 1250 ad
1019 1193 1152 1252 honorem

244 1277 299 1334 Dei
318 1283 367 1334 aut
383 1277 490 1349 aliquid
509 1279 544 1333 de
564 1295 602 1348 ee,
622 1296 677 1350 quo
695 1277 777 1334 modo
797 1275 906 1352 debitor
923 1294 979 1332 non
998 1278 1056 1334 erit
1082 1281 1151 1335 Boe.

195 1362 290 1419 151te
309 1363 434 1435 sequier:
453 1381 487 1418 ex
504 1381 589 1436 supra
606 1364 696 1420 dietis.
731 1363 800 1418 Am.
824 1361 855 1420 Si
872 1362 998 1432 dicimus,
1018 1362 1085 1436 quia
1103 1365 1152 1420 da-

107 1506 109 1519 ,
167 1465 169 1470 ’
243 1448 286 1506 bit
305 1448 427 1520 enipeum
450 1449 488 1504 ad
510 1448 697 1506 obediendum
719 1448 797 1518 Deo,
819 1455 852 1503 ut
867 1455 1076 1520 perseveranter
1094 1466 1152 1504 rer·

242 1534 334 1590 vando
357 1533 492 1590 iustitium
511 1535 614 1592 subdet
635 1552 666 1590 ee
690 1533 749 1593 eius
771 1533 923 1603 voluntati3
946 1551 1003 1589 non
1027 1534 1079 1590 erit
1096 1533 1151 1590 hoe

243 1621 324 1690 dare,
351 1621 426 1692 quod
441 1619 519 1676 Dee
543 1621 580 1676 ab
602 1621 651 1676 illo
673 1637 729 1675 non
747 1619 841 1690 exigat
861 1636 894 1674 ex
908 1618 1015 1676 debito.
1055 1618 1153 1676 Omnis

192 1715 196 1723 ’
243 1705 318 1762 euim
343 1705 485 1761 rationalis
511 1707 639 1758 ereatura
666 1702 751 1758 debet
773 1701 846 1758 hene
869 1702 1056 1760 obedientiam
1079 1705 1151 1760 Deo.

194 1785 313 1846 lbeoe.
339 1790 402 1845 Hoc
420 1788 517 1860 negari
534 1787 640 1860 nequit
674 1789 743 1854 Aee.
776 1789 841 1846 Alio
856 1789 951 1861 iteque
969 1790 1051 1848 modo
1071 1807 1151 1862 opor·

243 1881 284 1932 tet
300 1880 333 1932 ut
356 1876 404 1935 det
425 1891 454 1930 ee
478 1872 569 1943 iprum
592 1872 654 1929 Deo
676 1881 726 1930 aut
747 1875 853 1946 aliquid
875 1874 910 1930 de
928 1890 966 1930 se
1005 1877 1073 1930 Boe.
1100 1874 1151 1930 Ad

194 1959 224 2010 17
242 1959 296 2016 hoo
313 1976 365 2014 noe
383 1958 502 2031 impellit
519 1957 600 2016 ratio.
636 1961 705 2014 Aue.
727 1959 896 2028 Videamus,
911 1958 936 2012 ei
954 1959 1026 2014 forte
1044 1959 1097 2014 hoe
1114 1959 1152 2014 eit

242 2047 329 2102 vitam
348 2061 428 2100 suem
449 2044 516 2100 dare
533 2043 592 2098 eive
608 2060 712 2114 ponere
729 2043 850 2101 mimam
868 2060 949 2098 ouem
965 2044 1023 2101 eive
1039 2045 1151 2100 tradere

241 2131 364 2202 seipsum
386 2129 467 2186 morti
492 2127 530 2182 ad
553 2126 686 2185 honorem
709 2129 772 2187 Dei.
808 2128 872 2184 Hoe
895 2130 969 2208 enim
994 2145 1028 2198 ex
1055 2129 1151 2186 debito

218 2215 320 2271 .Deue
345 2231 401 2270 non
430 2214 523 2285 exiget
550 2213 587 2270 ab
613 2213 679 2282 il103
711 2213 843 2285 quoniam
867 2231 988 2287 nemque
1015 2231 1072 2270 non
1097 2214 1152 2270 erit

193 2298 226 2351 18
242 2306 388 2372 peecatum
411 2299 524 2368 inille,
549 2315 605 2353 non
628 2298 743 2356 debebit
759 2300 844 2370 mori„
867 2306 899 2356 ut
916 2300 1061 2368 diximus„
1079 2303 1149 2355 Boe.

184 2426 185 2434 ,
241 2383 334 2443 Aliter
361 2401 469 2455 nequeo
501 2384 665 2455 intelligere.
705 2386 774 2441 Ae.
811 2384 1021 2441 Consideremm
1048 2385 1149 2454 adhue,

242 2476 335 2526 utrum
352 2470 393 2526 sie
410 2468 611 2526 rationabiliter
630 2471 783 2526 conveniat.
821 2473 889 2526 Boe.
912 2470 967 2527 Die
984 2476 1030 2540 tu3
1050 2476 1079 2525 et
1095 2487 1149 2542 ego

194 2555 226 2608 19
241 2555 361 2612 libenter
382 2553 503 2611 audiam.
537 2557 606 2610 Aue.
640 2555 670 2611 Si
693 2555 775 2611 homo
800 2572 852 2626 per
869 2555 1034 2611 suavitatem
1049 2570 1149 2628 pecea-

241 2641 290 2711 rit,
313 2658 407 2698 annon
426 2641 568 2709 convenit,
591 2647 624 2695 ut
639 2658 689 2711 per
705 2640 885 2711 asperitatem
902 2639 1076 2696 satisfaciat?
1110 2636 1149 2696 Et

241 2727 340 2783 eitam
356 2727 441 2783 fenile
465 2725 555 2781 vietum
582 2732 624 2781 eet
647 2743 666 2782 a
690 2723 815 2793 diabolo,
842 2732 874 2780 ut
890 2725 982 2784 Deum
1003 2727 1148 2797 peccando

217 2809 437 2880 exhonoraret,
460 2817 493 2867 ut
515 2809 625 2867 leoffius
646 2827 702 2872 uon
724 2816 833 2882 poeeet3
859 2829 952 2868 nonne
975 2811 1080 2866 iustum
1097 2815 1147 2880 eet,

241 2903 274 2954 ut
295 2896 376 2952 homo
401 2896 575 2954 eatiefaeiene
591 2897 653 2952 Deo
675 2912 729 2967 pro
751 2902 867 2969 peccato
885 2903 964 2952 tanta
982 2895 1149 2969 difficultate

241 2983 335 3038 vineat
351 2981 493 3038 diabolum
512 2983 548 3036 ad
565 2982 696 3050 bonorem
712 2981 775 3052 Dei,
799 2988 832 3036 ut
850 2981 946 3036 maiori
965 3000 1021 3037 non
1040 2979 1147 3053 possit?

190 3057 223 3112 ²0
240 3069 343 3124 Annon
369 3074 412 3124 eet
438 3066 567 3138 dignum,
597 3074 734 3140 quatenus
763 3067 812 3138 qui
835 3084 865 3122 ee
889 3067 929 3122 eie
951 3067 1067 3125 abstulit
1083 3064 1147 3121 Deo

241 3154 392 3224 peeeendo,
411 3159 444 3207 ut
462 3168 492 3206 ee
508 3151 572 3222 plus
592 3152 701 3208 auferre
717 3169 774 3207 non
793 3154 954 3224 posseteie
972 3170 1003 3208 ee
1020 3153 1069 3209 det
1084 3151 1146 3207 Deo

310 3324 336 3394 l)
356 3321 413 3378 ce.
432 3339 516 3393 supra
534 3337 558 3376 e.
575 3325 602 3377 6.
