2636 3806
239 306 279 372 18
416 303 445 360 S.
464 301 635 360 susam
651 294 958 364 cANTUARmNsrs

237 471 361 544 proferre
379 473 484 544 potuit:
508 489 590 528 nemo
613 471 703 527 currit
726 469 763 526 ed
780 475 898 526 mortem
915 474 1029 540 propter
1046 484 1149 524 nomen

195 565 223 616 'd
239 573 339 627 meum,
369 559 423 613 nisi
440 559 525 614 Pater
544 557 752 629 impulerit-aut
769 555 885 610 iuuerit
904 573 975 611 eum
1010 553 1149 620 Quoniam

239 661 360 715 namque
387 645 531 698 voluntate
557 642 675 714 quisque
698 641 736 697 ad
760 641 790 696 id
814 641 890 711 quod
915 640 1151 697 indeclinabiliter

240 729 309 798 vult,
332 728 452 784 trahitur
469 729 514 782 vel
530 727 698 799 impellitur,
720 743 777 783 non
794 727 1020 783 inconvenienter
1038 725 1150 782 trabere

240 821 290 870 aut
307 813 449 884 impellere
467 813 568 868 dicitur
584 814 678 884 Deus,
703 829 768 868 cum
786 812 873 867 talem
894 813 944 868 dat
962 812 1150 882 voluntatem

241 897 271 952 in
295 914 351 968 quo
378 903 471 952 tractu
497 897 542 953 vel
566 897 688 969 impulsu
710 897 788 968 nulla
811 897 978 970 intelligitur
1001 897 1151 954 violentiae

241 983 407 1051 necessitas,
433 984 482 1039 sed
508 992 641 1055 acceptae
664 983 756 1040 bonae
777 983 927 1040 voluntatis
948 987 1103 1054 spontanee
1121 987 1152 1038 et

209 1069 225 1120 6
242 1074 336 1124 amsts
352 1069 494 1124 tenacitas.
531 1070 562 1126 si
588 1087 655 1140 ergo
670 1070 725 1126 hoc
744 1068 826 1126 modo
845 1068 944 1140 nequit
959 1068 1072 1139 negari,
1095 1066 1150 1122 Pa·

242 1159 313 1209 trem
330 1153 502 1210 voluntatem
520 1155 598 1209 illam
617 1155 711 1210 dando
722 1155 827 1210 Filium
843 1155 881 1210 ad
900 1160 1016 1210 mortem
1033 1152 1152 1207 traxisse

180 1231 183 1238 ’
242 1240 287 1294 vel
304 1239 463 1310 impulisss3
481 1239 543 1308 quis
559 1257 616 1295 non
634 1241 729 1296 videat
746 1241 843 1296 eadem
861 1239 968 1296 ratione
987 1237 1152 1294 mandatum

242 1323 299 1394 illi,
326 1331 358 1380 ut
378 1329 493 1380 mortem
512 1325 661 1381 sustineret
680 1334 791 1397 sponte,
817 1331 846 1383 et
863 1326 979 1382 calicem
995 1339 1079 1396 quem
1094 1340 1152 1379 non

210 1409 345 1466 'liuvitus
370 1411 490 1479 biberet,
515 1411 647 1466 dedisse?
683 1411 720 1467 Et
745 1413 769 1466 si
786 1410 874 1466 Filius
898 1409 952 1467 sibi
975 1428 1031 1466 nou
1052 1425 1152 1480 peper-

242 1498 313 1554 cisse
338 1497 387 1552 sed
410 1515 461 1569 pro
484 1497 565 1551 nobis
591 1491 745 1567 spontanea
766 1497 910 1551 voluntate
935 1512 965 1551 ee
985 1496 1079 1568 ipsum
1096 1500 1153 1549 tra·

243 1583 348 1638 didisse
365 1589 441 1639 recte
459 1581 575 1649 dicitur,
601 1580 662 1651 quis
690 1586 776 1651 neget
792 1588 869 1637 recte
886 1581 958 1651 dici,
982 1580 1049 1653 quia
1066 1578 1153 1636 Pater

244 1685 339 1740 aquo
359 1667 445 1722 talem
462 1665 563 1720 habuit
584 1666 768 1735 voluntatem,
792 1666 834 1720 illi
858 1683 915 1722 non
937 1665 1077 1739 pepercit,
1102 1664 1153 1720 sed

210 1763 294 1822 spro
321 1751 402 1806 nobis
428 1749 546 1806 tradidit
571 1749 650 1806 illum
675 1757 704 1806 st
725 1756 842 1807 mortem
868 1753 927 1808 eius
947 1750 1053 1808 voluit?
1087 1749 1152 1806 Hoc

244 1837 329 1894 etiam
347 1835 429 1890 modo
450 1833 683 1891 indeclinabiliter
698 1842 727 1892 et
745 1843 843 1906 sponte
861 1837 997 1892 servando
1009 1841 1155 1907 acceptam

243 1922 417 1982 voluntatem
437 1937 455 1974 a
472 1920 556 1975 Patre
573 1921 663 1976 Filius
681 1920 774 1976 lactus
792 1926 835 1976 est
854 1920 896 1977 illi
912 1921 1046 2002 obediens
1063 1937 1153 1992 usque

244 2007 281 2064 ad
301 2013 431 2078 mortem,
458 2011 487 2062 et
509 2005 607 2060 didicit
631 2023 665 2060 ex
689 2006 732 2060 his
751 2023 823 2076 quae
841 2023 939 2076 passus
961 2014 1004 2062 est
1022 2006 1153 2062 obedien·

244 2093 326 2160 tiam,
345 2093 374 2147 id
393 2100 448 2162 est,
466 2107 550 2162 quam
567 2107 672 2163 magne
689 2108 733 2146 res
750 2091 879 2147 iacienda
899 2093 936 2147 sit
955 2109 1005 2162 per
1023 2091 1153 2146 obedien·

211 2176 320 2234 edom.
356 2177 429 2234 Nam
455 2184 522 2233 tunc
544 2184 587 2232 est
609 2194 675 2233 vera
698 2184 727 2234 et
750 2177 866 2248 simplex
891 2177 1063 2246 obedientia,
1088 2191 1154 2232 cum

245 2262 388 2319 rationalis
414 2272 541 2318 ereatura
572 2281 629 2319 non
663 2260 828 2321 necessitate
853 2261 903 2317 sed
933 2268 1032 2332 sponte
1061 2268 1155 2318 servat

196 2346 418 2403 10v01untssem
444 2365 462 2402 a
477 2349 538 2404 Deo
562 2354 714 2420 acceptam.
750 2347 821 2402 Aliis
841 2363 951 2418 quoque
972 2347 1060 2402 modis
1077 2351 1153 2403 recte

246 2448 393 2503 possumus
429 2432 541 2490 Patrem
579 2435 701 2490 voluisse
738 2433 804 2487 Filii
841 2438 958 2487 mortem
988 2432 1154 2503 intelligere,

197 2524 226 2576 11
246 2518 372 2590 quamvis
399 2517 447 2572 isti
474 2518 580 2588 possint
607 2517 741 2574 sufficere.
784 2518 857 2576 Nam
883 2517 955 2572 sicut
984 2517 1057 2573 velle
1086 2517 1155 2572 dici-

246 2620 308 2657 mus
334 2619 398 2658 eum
422 2602 471 2674 qui
493 2602 578 2672 lacit,
608 2609 639 2658 ut
666 2602 844 2673 aliusuelit3
869 2603 909 2657 ita
933 2601 1017 2658 etiem
1036 2601 1156 2657 dicimros

247 2704 311 2744 eum
326 2690 398 2745 velle
423 2689 471 2760 qni
494 2705 552 2743 non
575 2687 658 2756 facit,
685 2687 719 2742 ut¹
741 2687 814 2743 alius
840 2687 920 2756 velit,
944 2687 994 2742 sed
1018 2686 1155 2758 approbet

248 2769 312 2840 quie
335 2771 410 2842 vult;
436 2776 468 2828 ut
492 2790 555 2828 cum
579 2773 704 2828 videmus
729 2772 849 2845 aliquem
871 2773 980 2829 fortiter
1002 2773 1062 2843 pati
1083 2771 1162 2843 velle,

247 2855 416 2922 molestiam,
441 2865 473 2913 ut
494 2858 621 2929 perficiat
638 2858 713 2930 quod
732 2858 804 2914 bene
821 2859 896 2928 vult3
924 2859 1050 2929 quamvis
1068 2857 1154 2913 fetes

247 2957 310 2994 mur
336 2956 387 2994 nos
412 2941 497 3011 velle,
523 2952 554 2998 ut
579 2945 657 2998 illam
677 2959 796 3014 poenam
813 2943 963 3011 sustineat,
987 2959 1043 2999 non
1062 2949 1155 2998 temen

199 3025 230 3077 12
247 3025 376 3080 volumus
396 3031 445 3079 out
463 3042 586 3081 amamus
606 3046 726 3100 poenam
740 3027 799 3083 eius
813 3027 863 3081 sed
875 3027 1052 3084 voluntatem.
1070 3027 1155 3081 Illum

249 3127 374 3181 quoqne,
399 3109 448 3182 qui
467 3109 614 3182 prohibere
632 3117 725 3182 potest
745 3120 774 3168 et
789 3129 846 3168 non
865 3112 1008 3183 prohibet,
1035 3113 1154 3168 solemus

199 3195 343 3250 tediosis
369 3197 436 3266 quia
461 3195 538 3265 vult,
566 3197 642 3265 quod
668 3215 724 3253 non
750 3197 886 3268 prohibet
927 3197 1064 3262 Quoniam
1089 3212 1155 3268 ergo

249 3278 328 3333 Patri
355 3281 483 3336 voluntas
507 3280 573 3334 Filii
601 3282 720 3352 placuit,
751 3299 803 3337 nec
829 3282 971 3353 prohibuit
996 3299 1059 3338 eum
1083 3282 1157 3336 velle

250 3371 300 3416 eut
321 3363 436 3434 implere
453 3366 529 3437 quod
548 3366 678 3438 volebat;
698 3372 773 3422 recte
791 3367 919 3438 voluisse,
937 3373 968 3421 ut
982 3367 1071 3422 Filius
1084 3385 1156 3422 mor-

1294 2873 1296 2946 l
