2636 3806
460 319 680 378 pessumo
695 317 887 379 ,suldunis
1112 321 1156 386 vu
1172 339 1176 346 ·

327 467 330 474 .
377 469 379 475 .
1136 441 1139 470 l

196 491 278 558 baec
299 491 365 560 iore
387 499 461 559 sunt
482 513 566 575 quae
590 491 771 578 praefanda
790 507 865 560 esse
886 491 1065 558 videantur.
1107 489 1157 556 Ac

196 577 332 662 primum
376 577 505 661 quidem
536 577 781 661 investigemus,
827 577 1020 662 quibusnam
1055 577 1157 640 caceio

195 663 328 730 internis
359 662 540 730 externisve
569 663 725 733 adductus
746 661 785 727 A.
806 662 961 748 scriptum
982 659 1062 726 illud
1083 679 1157 726 con·

195 747 315 814 fecerit.
360 749 431 813 Iam
451 749 594 815 Priorem
615 747 820 832 Beccensem,
846 768 905 833 per
926 746 1022 812 fidem
1044 744 1087 810 ad
1109 743 1156 808 in·

196 832 359 898 tellectum
393 833 580 917 proficiendi
614 832 808 917 studiosum,
840 834 907 898 vim
937 831 1157 914 rationemque
1270 891 1273 898 ,

196 919 307 984 mortis
330 917 449 986 Christi
476 919 618 984 vicariae
648 955 692 966 -
721 938 851 1001 exque
877 917 997 1002 pendet
1017 915 1158 980 humana

197 1003 285 1068 salus
308 1039 347 1048 ·-
370 1009 476 1068 mente
499 1004 656 1090 agitasse,
678 1010 769 1088 patet
789 1022 830 1068 ex
852 1002 992 1086 Dialogo
1014 1001 1073 1086 „dc
1096 1001 1157 1066 Ve-

197 1085 329 1169 ritate,“
356 1089 445 1153 cuius
473 1089 563 1172 origo
590 1089 624 1153 in
645 1108 764 1154 annum
787 1088 912 1154 circiter
937 1086 1019 1152 1065
1040 1090 1089 1150 est
1109 1104 1158 1150 re-

197 1171 345 1256 ferenda,
373 1173 525 1255 cuiusque
547 1173 581 1238 in
602 1173 709 1258 capite
730 1179 844 1238 octavo
867 1177 1024 1257 quatenus
1044 1168 1159 1236 eadem

197 1277 249 1324 res
269 1257 387 1323 debeat
413 1277 485 1324 csse
511 1264 543 1324 et
564 1278 628 1323 non
651 1277 723 1324 esse
745 1256 942 1341 edisserens,
971 1256 1055 1322 inter
1076 1255 1159 1320 alia:

197 1343 373 1426 „Dominus
395 1343 503 1426 Iesus,
524 1342 642 1427 inquit,
673 1344 750 1426 quia
773 1343 863 1408 solue
896 1342 1049 1408 innocens
1079 1345 1160 1424 erat,
1179 1418 1182 1423 ,

196 1448 261 1494 non
290 1427 399 1493 debuit
427 1434 561 1494 mortem
587 1426 657 1512 pati
688 1447 748 1493 neo
777 1428 861 1493 ullus
887 1447 958 1492 eam
980 1426 1028 1504 illi
1050 1423 1162 1490 debuit

197 1513 331 1598 inferre,
360 1519 527 1578 ettamen
556 1533 628 1578 eam
657 1512 768 1578 debuit
797 1512 883 1596 pati,
911 1511 987 1595 quia
1015 1509 1086 1594 ipse
1108 1529 1161 1575 sa-

196 1599 324 1682 pienter
353 1605 385 1662 et
411 1597 551 1682 benigne
578 1606 610 1664 et
638 1598 758 1663 utiliter
779 1597 882 1663 voluit
902 1616 975 1661 eam
996 1588 1161 1660 sufferrc.“

197 1683 236 1748 In
257 1681 394 1748 lectione
416 1690 524 1748 autem
545 1691 673 1767 patrum
700 1682 857 1749 ecclesiae
879 1679 997 1748 veteris
1019 1677 1162 1765 (Hilarii,

197 1766 372 1851 Ambrosii,
393 1767 581 1852 Augustini,
603 1767 721 1834 Leonis
742 1769 794 1850 Μ.,
819 1767 967 1851 Gregorii
988 1767 1031 1830 M.
1053 1759 1160 1849 all.)1)

198 1889 240 1898 —
257 1871 389 1935 quorum
411 1859 486 1938 post
506 1873 532 1918 s.
548 1853 712 1938 apostolos
733 1873 794 1919 nec
815 1864 916 1920 voces
933 1851 1026 1918 flocci
1040 1869 1161 1936 pepen-

198 1935 246 2001 dit
266 1943 298 2002 et
315 1938 456 2020 vestigia
477 1937 530 2022 pie
552 1938 673 2004 studuit
695 1958 841 2023 premere
854 1975 898 1984 —
912 1956 1009 2019 quum
1031 1934 1162 2003 scholae

198 2023 417 2088 monasteriali
437 2024 642 2121 praepositus
663 2023 797 2088 multum
817 2024 963 2106 sudaret,
996 2020 1038 2084 de
1059 2019 1161 2086 notio-

198 2107 292 2172 nibus
318 2107 523 2174 redemtionis
556 2114 589 2173 et
618 2107 886 2194 reconciliationis
914 2105 1038 2172 invenit
1063 2124 1161 2188 expo-

198 2190 277 2269 sita,
305 2193 338 2257 in
361 2193 475 2276 quibus
502 2193 564 2259 sibi
584 2213 649 2259 non
668 2191 935 2278 acquiescendum
957 2211 1029 2258 esse
1051 2189 1161 2254 existi-

199 2277 308 2342 mavit.
366 2277 521 2356 Quamuis
556 2277 642 2342 enim
674 2297 785 2342 omnes
821 2277 896 2342 inde
928 2278 969 2342 ab
1005 2273 1162 2346 ecclesiae

198 2361 382 2445 primordiis
414 2369 513 2430 testes
545 2362 592 2428 illi
622 2361 769 2428 veritatis
804 2361 955 2447 sanguini
983 2358 1162 2425 Salvatorie

198 2465 263 2512 non
284 2447 447 2531 potuerint
474 2448 540 2512 vim
569 2467 653 2530 quae
682 2448 714 2512 ei
740 2448 875 2514 debetur
906 2444 1163 2532 propitiatoriam

200 2550 239 2596 ac
266 2531 514 2598 satisfactoriam
547 2553 611 2598 non
640 2533 830 2617 attribuere,
860 2534 919 2600 hos
947 2538 1056 2596 tamen
1084 2549 1163 2613 prae

200 2616 274 2682 aliis
295 2616 371 2682 fidei
395 2618 538 2683 articulis
567 2617 765 2684 instituenda
785 2619 819 2682 in
840 2642 949 2682 caueae
970 2614 1162 2681 incarnatio·

199 2700 250 2766 nis
269 2708 302 2765 et
323 2702 484 2786 passionis
508 2701 627 2768 Christi
655 2724 713 2789 per
735 2703 935 2785 eundemque
958 2705 1165 2784 comparatae

200 2783 339 2852 humano
360 2787 472 2871 generi
501 2788 616 2854 salutis
637 2791 762 2852 modom
782 2787 990 2871 inquisitione
1011 2790 1165 2852 accurata

202 2971 292 3026 dieser
310 2972 473 3044 Beaiebnng
491 2974 576 3030 reden
597 2975 673 3040 liiset,
691 2989 767 3026 muse
785 2988 851 3026 man
862 2989 965 3028 uneern
977 2967 1165 3028 Scholastilrer
1186 2999 1188 3005 ι

203 3041 243 3094 als
272 3043 327 3096 dan
355 3050 446 3096 ersten
473 3043 514 3096 Be
549 3043 637 3096 iinder
665 3040 812 3096 desselben
840 3041 1010 3096 betrachten.
1038 3069 1071 3076 -
1100 3035 1166 3092 Von

202 3110 298 3165 keiner
322 3111 412 3166 seiner
435 3111 511 3166 Scb'
539 3129 574 3166 en
599 3111 669 3165 lieet
694 3108 753 3164 sioh
778 3126 808 3164 so
832 3110 895 3164 sehr
918 3109 1087 3178 behaupten,
1112 3104 1164 3160 wie

202 3195 257 3233 von
283 3179 337 3234 den
355 3178 413 3234 BB.
433 3179 490 3234 Cur
508 3180 585 3234 Deus
602 3179 707 3248 Homo,
733 3177 796 3234 dass
823 3178 862 3233 sie
885 3178 933 3232 fiir
950 3177 994 3231 die
1011 3178 1165 3248 geeammtc

202 3249 306 3370 thcbc
325 3248 583 3372 Fruclsstagetragen
599 3248 658 3303 und
675 3247 762 3303 ihrem
781 3247 922 3303 innerstcn
932 3245 1024 3300 Labeo
1041 3263 1077 3299 zu
1090 3243 1166 3298 (inte

200 3333 236 3388 ge
257 3333 366 3372 ommen
382 3335 427 3372 re.
674 3347 676 3352 ι
805 3341 806 3344 “

258 3407 299 3468 ll
318 3402 393 3460 Vide
413 3401 440 3458 S.
459 3403 528 3459 Ans.
548 3391 744 3471 Epistularum
764 3399 827 3456 Lib.
845 3399 897 3469 iv,
916 3405 973 3456 tob.
