2636 3806
384 261 463 320 cUR
480 260 582 320 Deus
597 260 717 319 ΗΘΜ
750 262 834 322 Lea
856 266 895 318 12.
1046 258 1089 328 23

183 437 311 488 terrenae
334 436 485 504 potentates
506 431 560 490 hoc
585 436 662 488 recte
685 430 807 502 iaciunt,
832 431 894 502 ipre
916 431 987 486 facit
1001 431 1090 502 Dm,

184 535 202 572 a
220 519 327 589 quoad
349 519 404 574 hoc
428 519 521 588 ipsum
543 524 609 574 eunt
636 517 787 573 ominatae.
827 519 897 572 Boe.
936 517 1090 573 Removirti
1109 519 1141 571 13

184 602 405 676 repugnantiam,
430 619 515 676 quem
531 603 666 673 putabam
682 603 790 672 ineaee;
816 602 865 658 aed
882 607 926 658 eet
941 601 1034 670 alind,
1053 602 1090 656 ad

184 690 261 760 quod
289 695 368 746 tuum
395 689 458 746 volo
486 689 590 744 habere
614 704 785 758 responsum.
829 688 903 745 Nam
926 705 990 742 cum
1011 689 1090 744 Deua

185 775 224 831 eie
244 774 281 836 eit
296 775 375 845 liber,
394 782 427 831 ιιι
444 775 514 832 nulli
532 775 604 847 legi,
632 773 737 829 nuliius
753 773 898 830 subiaceat
916 772 1034 842 iudicio,
1061 778 1091 828 et

94 911 99 928 ,
182 861 219 916 ait
238 861 279 916 ita
304 861 459 934 benignus,
482 868 514 917 ut
538 860 610 916 nihil
631 859 783 931 benignius¹
806 859 922 930 eogitari
940 865 1039 930 queat,
1061 863 1090 912 et

184 944 254 1006 nihil
271 945 308 1000 eit
325 953 431 1002 rectum
451 954 500 1004 aut
523 948 623 1002 decens
647 945 702 1000 niei
722 945 797 1016 quod
813 944 875 1016 ipee
891 945 965 1000 uult:
989 944 1090 998 mirum

183 1032 301 1100 videtur,
321 1032 346 1086 ei
363 1031 481 1088 dicimus
501 1033 568 1102 quia
581 1030 740 1087 nullatcnus
757 1029 819 1084 vult
831 1036 884 1084 aut
901 1047 958 1084 non
979 1029 1006 1084 ei
1022 1028 1090 1085 licet

184 1117 313 1172 iniuriam
329 1134 409 1173 euam
429 1117 582 1184 dimittere,
609 1134 627 1172 a
649 1133 707 1187 quo
723 1115 806 1170 etiem
823 1116 859 1170 de
875 1116 918 1170 hie
936 1132 1007 1187 quae
1027 1115 1088 1172 aliie

183 1201 309 1272 facimus,
328 1201 448 1258 solemne
465 1202 668 1274 indulgentiam
685 1207 789 1272 petere.
824 1201 893 1255 Ana.
913 1202 1020 1258 Verum
1038 1207 1089 1274 eet,
1108 1198 1141 1252 14

184 1288 259 1359 quod
279 1287 348 1342 dicis
367 1288 402 1342 de
419 1287 547 1345 libertate
565 1293 593 1343 et
609 1287 753 1347 voluntate
770 1293 799 1342 ot
811 1283 984 1358 benignitate
995 1287 1087 1359 illiue3

185 1374 235 1430 eed
254 1373 295 1428 eic
313 1389 360 1428 eae
379 1373 511 1430 debemus
533 1371 735 1428 rationabiliter
751 1367 923 1444 intelligere,
946 1381 979 1429 ut
998 1365 1088 1446 digni·

183 1459 236 1514 tati
255 1459 331 1520 illiue
350 1477 406 1516 non
424 1458 567 1515 videamur
592 1473 756 1529 repugnare.
794 1457 922 1513 Libertas
941 1458 1013 1514 enim
1033 1449 1090 1514 non
1108 1441 1140 1492 ¹5

185 1549 228 1599 eet
249 1544 304 1598 nisi
323 1545 443 1612 adhoc,
465 1543 540 1616 quod
564 1543 676 1614 expedit
693 1548 742 1597 aut
758 1543 833 1614 quod
852 1543 946 1610 decet,
972 1562 1023 1599 nec
1041 1545 1089 1600 be·

184 1629 307 1702 nignitae
324 1629 444 1686 dicende
466 1636 519 1699 est,
546 1645 618 1700 quae
634 1626 741 1702 aliquid
759 1630 820 1685 Deo
846 1629 977 1687 indecens
994 1645 1089 1701 opera-

184 1721 236 1770 tur.
260 1715 359 1780 .Quod
382 1722 476 1771 autem
499 1715 612 1784 dicitur,
640 1716 707 1786 quia
731 1715 806 1788 quod
831 1716 891 1770 vult
911 1713 1015 1770 iustum
1038 1721 1090 1786 eet,
1109 1697 1142 1749 ¹⁶

185 1806 213 1856 et
230 1802 305 1872 quod
329 1818 387 1856 non
409 1801 470 1856 vult
493 1801 596 1856 iustum
615 1818 671 1856 non
688 1802 774 1869 cet‚¹)
801 1801 916 1855 nonita
932 1800 1089 1873 intelligen-

187 1886 255 1941 dum
272 1883 327 1955 eet,'
339 1892 371 1940 ut
389 1886 412 1940 ei
429 1887 506 1942 Deue
520 1884 588 1942 velit
606 1885 750 1958 quodlssret
760 1885 964 1956 inconveniens,
982 1887 1087 1940 iustum

186 1971 235 2040 sit,
263 1971 330 2041 quia
352 1971 412 2041 ipse
435 1973 504 2027 vult.
539 1972 603 2029 Non
628 1971 701 2027 enim
723 1970 862 2042 sequitur,
884 1971 908 2024 ei
926 1970 1005 2025 Dens
1028 1969 1090 2024 vult
1109 1952 1139 2008 ¹⁷

186 2055 304 2125 mentiri,
320 2057 423 2110 iustum
441 2073 500 2112 eesc
518 2053 635 2125 mentiri,
653 2057 702 2111 eed
718 2057 811 2126 potius
828 2055 921 2110 Deum
938 2055 1018 2108 illum
1033 2072 1090 2110 non

187 2157 255 2196 esee.
301 2141 374 2206 Nam
401 2156 577 2211 nequaquam
601 2147 694 2211 potest
718 2141 791 2196 velle
817 2139 927 2195 mentiri
951 2139 1090 2211 voluntas,

185 2225 240 2281 nisi
261 2225 291 2280 in
313 2243 370 2297 qua
393 2231 523 2295 corrupte
547 2223 729 2296 eet'veritaa,
757 2226 812 2280 imo
838 2242 910 2296 quae
938 2226 1090 2286 deeerende

185 2312 331 2368 veritatem
352 2317 483 2381 corrupta
501 2316 551 2365 eet.
586 2310 657 2366 Cum
674 2329 741 2383 ergo
759 2311 874 2366 diuitum:
893 2313 916 2365 ei
935 2311 1012 2366 Deus
1030 2311 1091 2366 vult
1110 2298 1141 2350 ¹⁸

187 2396 315 2466 mentiri3
342 2413 399 2451 non
418 2400 460 2451 eet
481 2395 566 2464 aliud,
585 2411 681 2467 quam:
700 2397 724 2451 ei
744 2396 821 2453 Daue
839 2396 903 2452 talia
922 2401 964 2452 eet
981 2403 1090 2467 natura,

187 2497 259 2552 quae
277 2480 345 2535 velit
361 2481 489 2550 mentiri3
514 2480 662 2538 etidcirco
681 2498 738 2536 non
757 2481 892 2553 sequitur,
911 2482 1014 2538 iustum
1030 2500 1091 2538 esee

187 2565 375 2635 mendacium,
400 2564 454 2620 niei
479 2566 519 2620 ita
541 2565 727 2636 intelligatur,
756 2565 828 2619 sicut
846 2583 910 2621 cum
928 2557 963 2622 de
982 2567 1091 2623 duobus

186 2649 403 2720 impossibilibus
425 2651 556 2706 dicimus:
583 2651 606 2706 ei
630 2651 682 2706 hoc
706 2655 760 2715 eet,
783 2650 853 2704 illud
876 2658 930 2722 eet3
955 2652 1022 2724 quia
1038 2653 1092 2708 nee

187 2735 241 2791 hoc
257 2753 308 2791 nec
325 2736 397 2794 illud
415 2743 473 2806 eet3
492 2743 525 2790 ut
542 2737 567 2790 ei
585 2736 648 2807 quie
666 2735 755 2791 dicat:
779 2736 803 2790 ei
823 2751 897 2806 aqua
914 2740 957 2790 eet
974 2735 1048 2816 sicca
1064 2741 1092 2792 et

188 2819 262 2892 ignis
287 2829 329 2876 eet
354 2821 500 2890 humidue3
531 2827 660 2876 neutrum
688 2822 761 2878 enim
785 2837 881 2877 verum
907 2825 956 2876 eet
990 2821 1091 2892 Itaque

189 2905 225 2960 de
242 2905 298 2959 illie
316 2912 425 2961 tantum
444 2912 486 2962 eet
504 2909 600 2962 verum
620 2906 726 2962 dicere:
752 2907 776 2960 ai
795 2905 872 2962 Deua
893 2904 946 2963 hoc
963 2905 1032 2974 vult,
1049 2905 1091 2957 iu-

188 2994 262 3044 etum
288 2997 345 3057 est,
374 3008 446 3062 quae
468 2991 562 3068 Deum
587 2991 658 3049 velle
684 3008 741 3058 non
766 2996 809 3047 eet
824 2991 1028 3047 inconveniens.
1063 2982 1144 3044 ai1⁹

261 3248 286 3315 1)
304 3245 361 3300 efr.
380 3247 559 3313 Proetooiam
577 3262 601 3300 c.
616 3251 661 3301 11:
680 3244 732 3326 „ld
748 3244 837 3299 eolum
850 3241 954 3297 iustum
966 3248 1008 3298 eet
1018 3239 1094 3314 quod

162 3384 164 3390 Ι
184 3315 240 3381 vuie,
258 3321 286 3374 et
303 3333 358 3373 nou
375 3314 479 3375 nutum
497 3315 572 3386 quod
588 3329 644 3370 non
660 3313 728 3382 ruff
756 3375 757 3378 Ἴ
848 3373 850 3378 ,
