2636 3806
448 313 666 372 PRAEFATIO
687 315 879 374 romoalt.
1114 317 1136 358 V

168 482 229 574 ,dis
250 485 407 571 intentus,
433 486 533 554 firmis
558 494 590 554 et
611 487 761 572 infirmis,
791 487 880 560 sanis
903 492 936 554 et
956 485 1080 553 insanis
1100 505 1136 552 se

130 584 134 588 ·
177 572 340 654 praestitit
368 579 495 657 patrem
533 573 742 656 omnibusque
774 572 920 641 exhibuit
954 571 1137 656 exemplum

178 662 362 723 sanctarum
382 657 535 724 virtutum
553 658 714 725 exercitiis
736 657 901 724 imitabile.
933 656 1054 740 Magna
1068 657 1137 722 eius

178 739 283 823 gloria
314 743 559 828 circumquaque
595 743 777 829 percrebuit
803 751 900 828 atque
928 743 1035 808 multis
1064 761 1136 807 con-

177 825 286 890 silium
306 832 338 892 ct
360 827 502 894 solamen
522 828 724 912 requisituris
745 849 860 894 ansam
881 827 970 893 dedit
995 847 1068 892 eum
1082 825 1137 890 ad·

168 910 274 976 eundi
316 912 451 996 privatis
496 914 671 997 colloquiis.
716 950 759 960 —-
801 911 1018 990 Quadriennio
1063 916 1138 996 post

177 995 298 1062 obitum
317 997 499 1081 Lanfranci,
521 999 577 1083 qui
600 999 641 1064 ab
663 1019 692 1063 a.
709 997 793 1063 1070
814 998 856 1067 ad
879 1018 907 1064 a.
932 995 1013 1062 1089
1035 1015 1136 1080 utque

178 1080 362 1146 cathedram
393 1082 657 1150 Cantuariensem
686 1084 883 1167 obtinuerat,
912 1081 1084 1148 Anselmus
1117 1102 1138 1146 a

177 1164 337 1232 Guilelmo
379 1165 472 1234 huius
514 1169 652 1234 nominis
697 1169 836 1236 secundo
872 1169 1010 1251 Angliae
1050 1175 1136 1252 rege,

176 1251 385 1318 suadentibus
413 1251 610 1338 principibus
638 1260 671 1318 et
699 1252 949 1320 acclamantibus
972 1252 1057 1319 clero
1077 1251 1136 1318 lai-

176 1336 303 1421 cisque,
336 1335 597 1423 archiepiscopus
631 1337 820 1422 designatus
847 1358 887 1403 ac
915 1337 1020 1422 pridie
1052 1337 1135 1401 Non.

175 1420 344 1487 Decembr.
367 1443 408 1500 ,a
433 1423 515 1488 1093
549 1422 742 1488 Cantuariac
775 1423 816 1487 ab
832 1457 838 1468 =
853 1422 1014 1507 episcopis
1044 1419 1137 1505 regni

176 1514 381 1573 consecratus
407 1514 465 1573 est.
514 1507 638 1574 Graves
665 1515 773 1573 autem
802 1527 875 1572 eum
901 1505 976 1572 inde
1005 1526 1047 1570 ex
1076 1505 1149 1590 hoc

176 1610 305 1656 munere
333 1612 426 1670 susce
451 1599 483 1658 to
509 1599 695 1668 manserunt
723 1611 895 1660 aerumnae
923 1598 957 1658 et
977 1589 1136 1656 miseriae.

175 1675 289 1758 Neque
316 1678 401 1742 enim
426 1613 495 1743 deri
522 1679 639 1763 potuit,
667 1679 745 1762 quin
773 1677 1012 1744 ecclesiasticae
1041 1674 1135 1740 liber-

175 1760 251 1825 tatis
273 1769 508 1859 propugnator,
539 1782 636 1846 quum
658 1762 843 1829 libidinibus
866 1761 1017 1828 Guilelmi
1038 1760 1135 1827 deva-

174 1845 299 1911 standus
324 1846 532 1914 ecclesiarum
564 1847 657 1914 bonis
683 1847 949 1933 oppimendisquc
977 1851 1134 1911 monaste-

175 1927 231 1994 riis
251 1936 284 1995 et
304 1931 449 2016 pecuniis
469 1953 527 2030 per
549 1933 614 1998 vim
636 1932 805 2017 exigendis
820 1931 941 1998 assueti
962 1931 1135 2028 resisteret,

173 2012 209 2077 irr
229 2012 368 2081 furorem
396 2024 569 2083 cohortaret
588 2018 713 2101 regiam
733 2022 881 2084 mentem.
925 2013 1031 2092 Quare
1056 2013 1136 2081 nihrl

173 2098 297 2182 mirum,
320 2101 348 2167 si
372 2121 472 2185 saepe
492 2108 688 2187 protestatus
710 2106 819 2170 estse
839 2101 991 2167 maluisse
1013 2101 1047 2166 in
1062 2122 1135 2167 con-

174 2185 362 2267 gregatione
398 2187 624 2253 monachorum
664 2187 755 2270 pueri
789 2187 860 2252 loco
896 2185 980 2250 inter
1016 2206 1134 2270 pueros

174 2269 234 2334 sub
263 2269 357 2354 virga
383 2270 529 2354 magistri
556 2291 691 2356 pavere,
724 2291 820 2355 quam
852 2291 910 2356 per
938 2271 1135 2356 pastoralem

174 2373 284 2420 curam
305 2355 365 2421 toti
386 2356 572 2421 Britanniae
597 2357 763 2440 praelatus
792 2356 826 2420 iu
854 2362 1012 2422 conventu
1032 2375 1133 2440 popu-

173 2438 276 2505 lorum
316 2439 489 2506 cathedrae
529 2441 706 2525 pontificali
740 2441 934 2526 praesidere.
992 2440 1135 2506 Maxima

172 2522 256 2590 inter
277 2545 394 2608 regem,
415 2532 447 2590 et
469 2525 744 2612 archiepiscopum
765 2525 806 2624 de
827 2525 957 2624 Urbano
979 2525 1135 2623 II3Papa

173 2610 741 2779 ttttffltltttbttttttt
758 2611 1049 2778 bttttsttf
1069 2609 1133 2760 tt

171 2778 268 2844 finem
290 2800 318 2844 a
342 2779 423 2844 1097
446 2781 598 2865 Angliam
618 2782 797 2865 relinquere
817 2786 849 2846 et
871 2779 915 2844 ad
933 2779 1043 2845 sedem
1058 2800 1133 2864 apo-

172 2864 319 2940 stolicam
349 2865 530 2949 confugere.
584 2867 653 2932 Nec
681 2869 801 2933 Romae
830 2865 906 2930 exul
937 2863 1024 2946 quod
1049 2883 1133 2929 sum·
1204 2893 1207 2900 v

144 2955 147 2960 '
172 2967 302 3034 mopere
324 2951 467 3035 expetiit,
490 2957 525 3016 ut
544 2971 640 3017 onere
654 2950 920 3037 archiepiscopali
935 2949 1133 3032 liberaretur,

173 3052 327 3130 asummo
337 3035 487 3120 pontifice
499 3036 692 3186 imgetravit.
714 3036 786 3102 Etsi
796 3042 905 3100 autem
916 3034 1064 3100 Urbanus
1076 3051 1135 3116 per

172 3117 335 3184 brennium
354 3139 426 3185 cum
447 3140 523 3203 rege
568 3142 587 3186 e
608 3123 761 3188 Ansclmo
778 3117 977 3185 restituendo
997 3121 1030 3182 et
1051 3135 1133 3201 pace

171 3201 329 3268 ecclesiae
368 3205 574 3272 Britannicae
604 3204 856 3290 redintegranda
891 3209 1021 3268 strenue
1056 3201 1132 3285 egit,

170 3292 280 3359 tamen
306 3308 434 3355 omnes¹
466 3309 556 3356 recca
582 3292 689 3355 minae
719 3309 757 3355 ac
786 3288 912 3354 labores
944 3286 979 3352 in
1006 3305 1134 3352 cassum

170 3372 360 3438 reciderunt.
456 3375 583 3441 enricus
626 3375 754 3442 demum
793 3373 931 3458 primus,
982 3370 1134 3436 Guilelmi
