2636 3806
237 295 280 360 42
419 291 445 348 S.
465 287 637 346 AusuLMl
655 285 966 345 OANTUARIENSIS

238 461 313 534 quod
332 461 383 515 das
403 478 420 516 a
439 467 468 515 te
485 477 542 514 non
565 459 653 514 habeo
677 459 728 513 sed
754 457 873 525 abillo,
902 456 982 526 euiue
1004 473 1098 512 servus
1118 475 1148 514 es

237 553 269 603 tn
289 553 317 602 et
334 547 381 601 ille
398 546 444 601 oui
461 547 528 608 daei
556 551 584 600 et
610 549 757 598 naturate
777 544 871 612 docet,
898 547 931 597 ut
949 559 1080 598 conservo
1097 549 1148 598 tuo

237 633 255 689 i.
274 651 297 688 e.
316 633 397 687 homo
416 631 534 700 homini,
558 630 647 686 facias
673 629 749 700 quod
773 629 825 684 tibi
849 629 885 684 nb
910 628 959 683 illo
979 629 1022 682 vir
1042 626 1147 698 fieri3¹)

238 722 266 775 et
286 718 366 789 quie,
391 717 439 788 qui
461 734 518 771 non
536 717 597 771 vult
621 716 688 770 dere
713 714 793 785 quod,
805 714 902 783 hahet,
925 731 981 768 non
999 714 1085 769 debet
1102 731 1148 768 ao-

189 799 218 850 11
236 803 329 873 ripere
359 802 435 873 quod
463 819 519 856 non
546 800 639 856 habet
683 800 727 854 De
754 798 913 855 dimissione
936 817 1002 854 vero
1027 799 1150 856 brevitet

238 889 315 958 dieo,
343 888 409 959 quie
431 887 590 942 nullatenus
616 886 765 956 pertinet2)
788 885 826 938 nd
854 889 882 940 to
908 885 1048 954 vindicte,
1077 885 1149 940 sieut

238 991 323 1044 supra
331 976 352 1040 ³)
373 972 505 1042 diximum
541 972 671 1043 quonium
690 988 741 1025 nec
761 976 793 1024 tu
810 976 930 1038 turres,
950 987 1001 1026 nee
1017 971 1066 1026 ille
1082 977 1148 1029 tuus

238 1067 287 1115 eut
304 1076 371 1113 suus
391 1059 440 1130 qui
457 1058 510 1113 tihi
526 1057 595 1113 feeit
612 1057 754 1126 iniuriam,
773 1056 823 1111 sed
844 1055 927 1110 unius
946 1056 1059 1110 Domini
1077 1057 1149 1111 servi

238 1144 306 1199 froid
333 1144 371 1198 ab
397 1145 445 1199 illo
473 1144 507 1198 de
531 1143 619 1197 nihilo
649 1142 731 1210 entis3
756 1148 784 1197 et
802 1141 826 1195 si
846 1141 881 1196 de
900 1157 1034 1197 conservo
1050 1147 1100 1196 tuo
1118 1149 1148 1196 te

238 1228 381 1296 vindicas,
412 1227 547 1282 iudicium
577 1227 652 1299 quod
682 1228 825 1299 proprium
849 1227 966 1281 Domini
994 1232 1023 1282 et
1048 1227 1148 1282 iudicis

190 1317 221 1368 12
240 1314 361 1370 omnium
384 1320 443 1383 est,
467 1330 552 1385 super
571 1314 651 1369 illum
676 1313 795 1385 superbe
818 1313 981 1384 praesumis.
1025 1313 1059 1366 In
1084 1311 1149 1368 obe

240 1400 345 1456 dientie
363 1398 514 1470 veroquid
533 1399 583 1454 dns
599 1400 660 1455 Deo
684 1399 759 1469 quod
778 1415 835 1453 non
854 1398 953 1468 debes,
978 1399 1024 1453 oui
1041 1399 1150 1454 iubenti

238 1492 327 1542 totum
353 1485 429 1558 quod
458 1503 487 1541 ee
516 1491 544 1540 et
568 1486 642 1557 quod
664 1484 751 1538 hebes
774 1487 804 1538 ei
828 1482 903 1553 quod
926 1488 1021 1554 potet,
1045 1483 1150 1540 debes?

191 1577 221 1627 13
239 1574 308 1626 Boo.
343 1570 421 1628 Nihil
447 1569 503 1624 iam
527 1569 617 1623 audeo
638 1568 668 1622 in
687 1569 731 1622 hio
757 1568 886 1622 omnibus
911 1569 1004 1625 dicere
1022 1587 1066 1625 me
1083 1569 1151 1625 dore

239 1658 316 1725 Deo,
346 1655 423 1727 quod
452 1653 549 1708 debeo.
593 1653 663 1710 Am.
700 1653 774 1716 Quid
800 1669 867 1724 ergo
893 1655 982 1709 solves
1010 1654 1071 1710 Deo
1099 1673 1150 1726 pro

191 1749 223 1798 14
239 1746 356 1812 peceato
381 1737 452 1793 tuo?
496 1739 565 1790 Boo.
601 1735 632 1791 Si
655 1737 791 1808 meipsum
815 1745 843 1794 et
865 1739 1002 1810 quidquid
1027 1756 1150 1810 possum,

234 1826 325 1881 ,etiam
349 1823 460 1895 quando
482 1838 539 1875 non
560 1837 659 1891 pecco,
686 1822 726 1876 illi
752 1823 840 1879 debeo
863 1841 899 1879 ne
924 1840 1039 1894 peccem
1048 1807 1061 1893 ‚¹
1081 1824 1150 1878 nihil

192 1919 222 1970 15
240 1909 330 1965 habeo
355 1907 430 1980 quod
454 1922 506 1978 pro
529 1912 644 1977 peeoato
662 1907 703 1962 illi
722 1909 846 1964 reddam.
882 1911 951 1966 Am.
988 1909 1063 1972 Quid
1084 1925 1150 1980 ergo

242 1996 295 2051 erit
314 1995 349 2051 de
366 1992 415 2050 to?
452 1991 596 2058 Quomodo
613 1991 717 2063 poteris
735 1995 828 2048 sulvus
847 1993 929 2049 esso?
964 1995 1033 2048 Boe.
1060 1994 1090 2052 si
1107 2011 1150 2048 rn-

240 2081 330 2136 tiones
353 2085 417 2134 tuas
439 2077 596 2147 considero,
623 2095 680 2141 non
702 2077 784 2133 video
812 2078 959 2150 quomodo.
1003 2079 1032 2136 Si
1057 2085 1151 2136 autem

241 2165 278 2220 ud
295 2165 378 2220 fidem
398 2181 489 2220 meam
506 2180 633 2232 recurro,
655 2163 685 2218 in
704 2163 760 2218 fide
778 2162 930 2219 christiano
949 2181 1021 2234 queue
1033 2183 1089 2234 per
1108 2167 1150 2219 cli·

243 2251 386 2304 lectionem
412 2249 588 2319 oporatur,⁴)
617 2265 698 2319 spero
723 2265 769 2303 me
791 2267 874 2320 posse
897 2251 1011 2320 salvari,
1034 2257 1064 2306 et
1086 2251 1152 2324 quio

240 2333 404 2404 legimus‚⁵)
443 2334 467 2388 si
502 2335 622 2391 iniustus
658 2352 806 2390 conversus
835 2335 920 2392 fuerit
948 2335 985 2390 ab
1015 2335 1152 2392 iniustitia

200 2465 211 2485 ,
243 2434 295 2474 sua
329 2425 358 2474 et
391 2417 490 2474 feeerit
518 2421 666 2490 iustitiam,
702 2431 796 2475 omnes
827 2420 977 2475 iniustitias
1007 2421 1065 2477 eius
1096 2428 1151 2477 tra-

195 2509 224 2559 16
244 2504 286 2558 (11
304 2501 445 2558 oblivioni.
488 2505 567 2560 ,Auo
610 2506 686 2560 Hoe.
708 2521 765 2558 non
804 2504 907 2558 dieitur
939 2505 993 2560 nisi
1023 2507 1059 2563 de
1087 2507 1151 2575 iilis,

244 2588 292 2661 qui
326 2594 376 2643 aut
416 2593 632 2658 expectaverunt
671 2588 811 2644 Christum
849 2595 998 2661 antequem
1036 2593 1152 2661 veniret,

195 2682 224 2732 17
243 2681 292 2730 eut
323 2675 440 2729 eredunt
470 2673 500 2726 in
527 2689 592 2727 eum
622 2678 770 2744 postquem
801 2674 884 2730 venit.
926 2675 982 2732 Sed
1011 2677 1151 2733 christum

244 2766 272 2816 et
305 2758 483 2814 christianam
519 2757 604 2814 iidem
640 2756 721 2828 queri
756 2775 899 2830 nunquam
930 2759 1030 2818 fuisset
1059 2762 1151 2833 posui·

315 3015 339 3082 1)
358 3011 414 3068 cfr.
434 3012 533 3068 Matio.
553 3019 576 3082 r,
595 3021 634 3070 12

313 3083 339 3148 2)
353 3083 490 3152 pertinet:
508 3098 579 3148 omn,
599 3082 687 3140 codd.

314 3153 339 3220 3)
360 3169 384 3206 o.
407 3156 445 3221 12,
466 3156 511 3207 12:
586 3151 605 3204 d
625 3151 732 3205 nullum
751 3151 874 3222 pertinet
889 3152 1042 3208 vindictam
1061 3151 1152 3207 faeere

241 3221 298 3276 nisi
317 3219 459 3290 edilium,
479 3219 527 3292 qui
572 3220 681 3274 ominus
699 3225 742 3273 est
760 3221 910 3276 omnium.“

313 3292 340 3357 4)
359 3289 451 3346 Geiut.
474 3297 499 3360 5,
517 3294 541 3345 6.

314 3360 340 3426 5)
358 3359 489 3415 Ezechiel
507 3363 549 3428 18,
567 3362 614 3426 2⁷3
633 3361 676 3425 33,
695 3359 727 3409 14
745 3371 786 3426 se
