2636 3806
240 297 283 367 64
423 300 451 355 S.
470 297 642 357 ANSELMI
660 297 969 357 CANTUARIENSIS

190 479 221 530 17
239 470 290 526 ubi
317 487 368 527 neo
397 471 504 527 coactio
530 471 591 528 ulla
617 478 660 526 eat
685 488 737 527 nec
764 469 922 541 probibitio.
971 469 1148 542 Quapropter

241 558 371 628 quoniam
388 557 466 614 Deus
483 557 606 628 perfecte
626 556 711 612 habet
729 574 746 612 a
763 573 793 612 se
816 555 954 629 quidquid
972 555 1074 626 babet,
1097 557 1146 612 ille

239 643 358 699 maxime
381 644 538 698 laudandus
561 649 604 698 est
627 645 663 697 de
686 641 778 712 bonis,
803 660 874 714 quae
898 641 984 698 habet
1009 647 1037 698 et
1055 646 1147 698 servat

238 748 295 784 non
316 729 376 784 ulla
400 731 581 798 necessitate,
608 730 672 799 sed,
699 729 771 785 siout
795 728 907 799 supra¹)
934 729 1006 799 dixi,
1033 727 1146 802 propria

190 815 221 867 18
238 821 268 870 et
284 822 398 871 aeterna
420 812 652 870 immutabilitate.
688 814 734 870 Sic
757 815 824 884 orgo
841 813 924 870 homo
940 815 987 869 ille
1005 815 1055 885 qui
1071 803 1160 870 idem*

238 902 298 971 ipse
314 900 392 958 Deus
411 900 474 969 erit,
501 899 630 971 quoniam
652 917 732 956 omne
760 901 864 955 bonum
888 900 963 970 quod
984 901 1045 969 ipse
1062 899 1146 954 habe-

238 987 282 1041 bit
297 1005 316 1041 a
334 1001 363 1041 se
391 985 521 1062 habebit,
546 1003 602 1040 non
626 986 792 1041 necessitate
815 985 865 1040 sed
888 984 1017 1041 libertate
1034 992 1063 1040 et
1079 1003 1097 1040 a
1115 998 1146 1039 se

188 1073 220 1125 19
238 1072 299 1142 ipso
328 1071 418 1126 iustus
447 1079 474 1127 et
497 1072 600 1127 idcirco
623 1072 779 1128 laudandus
810 1071 870 1127 erit.
914 1071 1047 1138 Quamvis
1073 1071 1146 1128 enim

237 1158 359 1212 humana
378 1164 511 1212 naturae
530 1157 625 1214 divina
643 1158 746 1213 habeat
762 1157 837 1229 quod
859 1157 989 1227 habebit,
1012 1157 1086 1212 idem
1102 1163 1145 1212 ta-

237 1261 302 1298 men
325 1243 385 1314 ipse
407 1261 425 1298 a
450 1243 541 1314 seipso
567 1245 707 1316 (quoniam
726 1245 798 1300 duae
816 1251 933 1300 naturae
952 1259 1010 1298 una
1026 1259 1147 1314 persona

187 1329 219 1380 20
239 1331 328 1398 erunt)
347 1329 471 1386 habebit.
506 1333 574 1384 Bos.
596 1331 761 1386 satisfecisti
779 1331 846 1384 mihi
861 1348 895 1386 ex
911 1331 979 1399 hoc,
1000 1335 1029 1384 et
1048 1333 1146 1400 aperte

237 1415 334 1484 video,
361 1416 426 1488 quia
450 1421 478 1472 et
501 1425 617 1488 peccare
635 1434 692 1472 non
708 1417 811 1488 poterit
830 1422 969 1471 ettamen
986 1415 1146 1470 laudandus

186 1502 217 1554 21
237 1503 290 1558 erit
318 1503 354 1558 de
380 1503 486 1558 iustitia
516 1519 573 1556 aua.
620 1502 676 1560 Sed
703 1520 777 1559 nunc
804 1501 992 1574 quaerendum
1021 1500 1145 1569 aestimo,

237 1603 302 1641 oum
318 1588 396 1643 Deus
419 1587 504 1642 talem
526 1595 621 1657 posset
643 1589 736 1643 facere
757 1587 910 1655 hominem,
934 1604 984 1641 cur
1001 1586 1146 1641 nortales

236 1671 304 1726 fecit
329 1672 443 1742 angelos
469 1677 497 1725 et
520 1673 590 1727 duos
615 1673 719 1742 primos
742 1672 881 1737 homines,
910 1677 943 1726 ut
965 1673 1092 1728 similiter
1115 1679 1145 1726 et

236 1763 354 1825 peccare
377 1775 434 1812 non
455 1765 569 1829 possent
590 1762 618 1812 et
643 1758 678 1813 de
701 1757 807 1813 iustitia
824 1777 874 1813 sua
891 1759 1026 1813 laudandi
1044 1764 1144 1813 essent

185 1847 219 1898 22
236 1841 307 1898 Aba.
337 1841 489 1914 Intelligis,
515 1857 587 1914 quae
612 1843 701 1898 dicis?
737 1847 805 1899 Boe.
835 1845 940 1901 Videor
957 1843 1025 1898 mihi
1038 1843 1145 1899 'intelli-

185 1933 218 1984 23
236 1943 302 2000 gere
322 1928 469 1984 etidcirco
488 1945 605 1998 quaero,
632 1947 682 1984 cur
707 1944 754 1982 eos
777 1929 847 1984 tales
870 1946 926 1984 non
951 1927 1037 1983 fecit?
1072 1929 1143 1982 Aac.

235 2014 372 2078 Quoniam
397 2031 448 2070 nec
474 2013 566 2084 potuit
591 2030 643 2069 nec
671 2015 768 2070 debuit
792 2014 866 2084 fieri,
891 2020 924 2069 ut
952 2014 1146 2085 unusquisque

235 2115 329 2153 eorum
352 2105 426 2154 esset
448 2097 522 2154 idem
550 2101 610 2172 ipse
634 2101 682 2171 qui
698 2099 790 2168 Deus,
814 2098 888 2152 siout
906 2099 941 2154 de
958 2099 1069 2154 homine
1087 2099 1141 2153 isto

235 2183 366 2252 dicimua3
393 2190 422 2239 et
444 2185 467 2237 si
485 2187 608 2257 quaeris,
633 2203 683 2240 cur
703 2201 759 2239 non
785 2185 820 2239 de
841 2190 883 2239 tot
908 2189 977 2256 quot
1001 2191 1067 2238 sunt
1083 2195 1145 2256 per-

235 2284 319 2323 sonae
336 2269 398 2337 Dei‚
416 2270 461 2324 vei
479 2271 577 2326 saltem
596 2270 630 2326 de
645 2287 701 2325 uno
717 2269 770 2326 hoc
789 2270 865 2340 fecit,
882 2270 1053 2340 respondeo:
1078 2269 1145 2340 quia

235 2353 306 2408 ratio
332 2359 399 2408 tuno
427 2354 487 2410 fieri
513 2357 671 2410 nullatenus
698 2356 751 2410 hoc
778 2356 919 2428 exigebat,
952 2356 1001 2410 aed
1030 2356 1142 2411 omnino

185 2437 219 2488 24
235 2439 313 2511 (quia
339 2439 417 2493 Deus
444 2440 513 2496 nihil
539 2441 598 2496 sine
621 2441 728 2497 ratione
753 2441 833 2511 facit)
863 2441 1039 2514 prohibebat·
1072 2444 1141 2496 Boe.

234 2522 377 2579 Erubesce
407 2524 474 2595 quia
501 2525 552 2580 hoc
581 2527 721 2597 quaesivi,
749 2527 795 2583 dic
822 2545 893 2599 quae
922 2527 1046 2582 dicturus
1073 2543 1142 2583 eras.

235 2611 304 2664 Ans,
339 2610 473 2665 Dicamus
499 2627 579 2682 ergo,
605 2612 671 2682 quia
693 2613 761 2667 mori
785 2631 841 2668 non
861 2613 987 2682 debebit,
1011 2612 1140 2685 quoniam

234 2713 290 2750 non
308 2696 360 2751 erit
377 2702 513 2766 peccator.
547 2697 616 2749 Boe.
635 2695 793 2754 Concedere
811 2715 855 2753 me
874 2703 989 2770 oportet.

202 2897 214 2949 1
313 2866 384 2952 11·
433 2901 502 2954 Aua.
537 2899 619 2958 Nunc
643 2910 736 2959 autem
762 2911 850 2960 restat
872 2903 1021 2974 indagare,
1047 2906 1140 2956 utum

234 2983 321 3054 possit
344 2983 414 3038 mori
442 2986 592 3041 secundum
615 2989 763 3044 humanam
788 2996 931 3058 naturam,
958 3006 1023 3044 nam
1043 3004 1140 3042 seeun-

200 3069 300 3124 adum
319 3070 441 3125 divinam
466 3071 682 3144 incorruptibilis
701 3091 809 3146 semper
827 3073 886 3129 erit.
922 3076 991 3128 Boe.
1026 3073 1071 3128 De
1088 3072 1142 3126 hoc

234 3170 283 3208 cur
300 3155 429 3211 dubitare
448 3156 592 3228 debemus,
617 3176 680 3214 cum
698 3160 757 3230 ipse
774 3177 856 3214 verus
874 3159 956 3216 homo
974 3159 1085 3215 futurus
1105 3157 1142 3235 sit

304 3362 328 3428 1)
346 3379 369 3416 c.
390 3369 414 3430 5,
436 3361 475 3417 11.
