2636 3806
211 307 252 374 72
321 353 328 371 ,
389 303 605 362 oausam
624 297 931 362 calamistratis

209 490 271 528 mus
300 471 453 544 Christum,
484 491 566 544 quom
595 472 688 528 Deum
721 478 749 528 et
776 471 917 528 hominem
946 467 1119 537 eonfitemur,

202 575 272 636 ..esso
301 563 440 614 mortuum
467 565 581 631 proptor
609 576 690 628 nos„
705 559 759 616 hoo
790 564 882 616 autom
907 554 1015 625 absquo
1042 554 1119 624 omni

212 642 385 700 dubitatione
394 646 413 712 ¹)
431 645 558 718 cognito,
585 652 686 701 ounota
704 661 776 716 quae
791 643 853 714 ipsa
869 641 938 696 dicit
955 647 1031 696 oorto
1049 657 1119 710 osse,

212 729 342 801 quoniam
368 729 446 786 Deus
470 730 580 786 mentiri
605 729 715 802 nequit,
740 735 770 784 et
795 730 935 800 sapienter
961 743 1022 782 assa
1044 725 1121 781 faeta

212 831 284 885 quae
306 814 374 892 fauit
399 813 584 877 dubitandum
607 833 664 872 non
688 821 744 884 ost,
771 813 899 886 quamvis
926 828 1022 886 eorum
1049 811 1119 866 ratio

164 896 195 948 10
211 917 267 954 non
291 898 463 970 intelligatur
479 917 497 954 a
512 899 600 958 nobis.
652 903 721 960 Boo.
756 900 862 959 Verum
878 897 1016 970 estquod
1034 895 1119 966 diois3

212 1001 264 1042 noo
281 984 457 1054 aliqua-tanus
481 985 557 1057 quod
581 985 651 1042 dixit
674 1004 736 1042 asse
759 1003 870 1051 vorum,
896 988 945 1040 aut
962 983 1038 1054 quod
1054 980 1122 1038 iacit

177 1123 181 1135 s
212 1069 414 1126 rationabiliter
431 1086 492 1126 esso
508 1072 629 1142 factum,
653 1072 758 1129 dubito.
794 1070 849 1128 Sed
866 1071 921 1128 hoo
936 1067 1061 1140 postulo,
1088 1072 1122 1122 ut

215 1154 291 1228 quod
314 1155 395 1228 quasi
416 1173 473 1212 non
496 1157 599 1214 debora
621 1163 671 1212 aut
693 1172 749 1214 nou
774 1173 855 1227 possa
872 1153 933 1213 fieri
950 1155 1060 1211 videtu
1078 1152 1120 1208 in·

198 1240 343 1320 L,lidelibus
365 1240 395 1296 in
420 1241 475 1297 fide
501 1242 664 1311 christiana,
690 1241 743 1296 hoo
770 1240 837 1296 mihi
863 1256 918 1312 qua
935 1239 1043 1295 rationo
1059 1237 1120 1294 fiori

215 1325 390 1400 debeataut
415 1327 502 1398 possit
527 1327 650 1398 aparias3
676 1344 733 1383 non
762 1333 794 1382 ut
819 1343 864 1382 ma
887 1325 917 1380 in
940 1325 996 1380 fide
1021 1323 1117 1380 coufir—

213 1429 280 1482 mos‚
298 1412 348 1470 sed
371 1418 402 1468 ut
427 1405 618 1468 confirmatum
640 1412 764 1470 veritatis
789 1411 877 1483 ipsius
902 1410 1045 1466 intellootu
1061 1404 1117 1464 lao-

134 1557 136 1566 ,
212 1495 336 1566 titioas02)
413 1539 416 1547 .
518 1537 522 1546 ,
861 1539 863 1548 ,

182 1663 195 1715 1
245 1637 247 1644 ’
293 1633 393 1721 wa
429 1667 499 1721 Bos.
535 1665 711 1736 Quapropter
734 1665 806 1720 siout
830 1683 925 1722 eorum
945 1641 1016 1746 quas
1036 1682 1122 1736 supra

199 1753 293 1811 idiota
311 1758 376 1805 sunt
391 1750 528 1806 rationem
552 1749 699 1820 aperuisti,
723 1749 861 1822 siopeto,
888 1758 919 1806 ut
937 1767 1032 1809 aarum
1049 1768 1123 1822 quae

181 1835 278 1892 2sum
309 1834 407 1904 adhuc,
434 1834 610 1906 quaesiturus
639 1835 774 1900 rationem
803 1837 942 1892 ostendas.
997 1835 1123 1892 Primum

216 1921 335 1992 scilicet,
358 1919 478 1992 qualitor
501 1920 536 1992 de
559 1935 650 1976 massa
667 1922 838 1992 paooatrioe,
866 1923 886 1980 i.
904 1939 927 1977 e.
947 1923 982 1978 de
1000 1923 1122 1978 humano

216 2007 423 2086 genaroxquod
449 2011 539 2064 tutum
568 2005 701 2061 infactum
733 2011 793 2061 erat
823 2013 954 2077 poooato,
984 2008 1125 2066 homiuem

121 2155 126 2160 ,
216 2094 275 2150 sine
291 2087 407 2164 paooato
430 2091 511 2165 qussi
536 2108 666 2164 azymum
686 2091 721 2146 de
738 2090 903 2146 fermentato
919 2092 998 2148 Deus
1017 2111 1123 2150 assum·

147 2245 150 2250 ¹
182 2178 261 2234 asit.
308 2177 381 2236 Nam
413 2177 483 2246 ¹licat
513 2177 575 2251 ipsa
606 2175 724 2232 hominis
756 2176 880 2246 uusdsm
912 2177 1058 2248 oonoeptio
1086 2178 1124 2232 sit

216 2263 321 2320 munda
340 2271 368 2319 ot
392 2263 498 2335 absquo
522 2261 643 2318 carnalis
668 2261 859 2319 delectationis
881 2268 1011 2334 peccato,
1034 2264 1124 2336 Virgo

215 2357 309 2406 tamon
325 2349 388 2422 ipsa
404 2348 479 2404 unde
496 2354 634 2404 assumtus
652 2353 709 2418 est,
729 2353 773 2402 ost
795 2348 825 2402 in
846 2346 1040 2420 iniquitatibus
1057 2366 1122 2408 oon·

215 2440 299 2507 oopta
315 2439 344 2490 et
361 2433 538 2504 inpeccatis
560 2433 690 2508 concapit
712 2450 773 2490 eam
796 2439 884 2490 mater
902 2433 992 2503 oiur')
1013 2439 1042 2492 st
1059 2451 1123 2490 oum

217 2517 346 2594 originali
371 2522 486 2590 poooato
509 2523 577 2573 nata
603 2525 658 2588 ast,
689 2519 820 2592 quoniam
841 2522 870 2575 at
892 2517 954 2590 ipsa
975 2519 1006 2574 in
1030 2518 1125 2576 Adam

182 2605 357 2678 sponsavit,
375 2604 406 2660 in
424 2619 479 2676 quo
497 2617 591 2658 omnes
612 2606 832 2676 peaoaverunt.⁴)
870 2603 942 2661 Aac.
971 2603 1125 2677 Postquam
1172 2609 1176 2616 “

217 2697 327 2748 oonstat
352 2689 492 2748 homiuem
524 2687 603 2742 illum
630 2704 691 2744 asso
711 2689 805 2745 Deum
829 2695 864 2746 at.
882 2694 1060 2762 peecatorum
1082 2708 1126 2748 re-

217 2775 434 2844 conciliatorem,
466 2772 583 2846 dubium
605 2791 671 2838 nou
687 2780 729 2830 est
751 2792 815 2832 oum
841 2775 952 2830 omnino
975 2775 1035 2832 siue
1060 2793 1125 2850 peo-

217 2867 281 2918 oato
304 2877 379 2928 osae3
402 2860 455 2918 hoo
479 2865 573 2918 autam
598 2876 732 2916 essenon
749 2861 838 2930 valet,
865 2859 919 2918 nisi
936 2861 1043 2936 absquo
1059 2878 1125 2933 pao-

183 2947 281 3008 arato
305 2945 341 3004 do
363 2962 456 3008 massa
479 2945 698 3020 peooatrioosit
721 2953 868 3004 assumtus.
904 2945 967 3018 Qua
987 2963 1057 3020 ¹varo
1080 2964 1125 3004 ta-

217 3103 314 3227 Ablg
333 3100 502 3224 ιῦαόἑιαέιοηθ
519 3084 575 3156 Aa
598 3130 633 3141 —
656 3083 835 3170 aaabiqas‘tate
853 3098 909 3154 Aa
926 3129 961 3140 —
984 3099 1126 3154 dubietate
