2624 3808
58 175 103 192 ,.
159 63 347 173 tce?
574 167 578 180 a

57 199 63 256 ἵ
155 200 445 320 Amice).
546 217 556 308 Ϊ

53 310 69 461 i
165 358 352 468 rasus
680 357 703 370 ”
797 353 861 368 “

50 486 56 619 5
165 502 335 652 aps

201 1162 204 1170 .
301 1084 667 1181 rltllllldlt
701 1085 1031 1183 doliolis.

584 1361 751 1374 m

189 1498 229 1582 S.
253 1520 439 1606 Anselmus,
469 1519 731 1588 scholasticorum
745 1479 922 1587 'doctorum
950 1519 1145 1605 princepali

189 1631 217 1678 a.
242 1613 324 1678 1033
348 1613 383 1678 in
402 1615 549 1698 Augusta
568 1614 735 1680 Praetoria
755 1613 885 1680 civitate
906 1612 1148 1680 Pedemontana

188 1705 283 1763 natus
316 1704 365 1765 est
397 1699 584 1784 parentibus
617 1703 649 1764 ct
668 1698 802 1764 divitiis
833 1704 866 1764 et
898 1697 999 1764 nobili
1027 1715 1146 1782 genere

186 1781 378 1866 insignibus,
426 1784 523 1849 Pater
550 1783 679 1868 quidem
710 1783 889 1850 Gundulfus
921 1803 1026 1850 rerum
1056 1781 1146 1847 fami·

188 1867 315 1932 liarium
343 1868 520 1935 incuriosus
550 1889 610 1934 nec
637 1873 703 1933 tam
730 1869 840 1953 largus
865 1889 962 1952 quam
982 1866 1146 1953 prodigus,

188 1971 268 2100 prae
302 1953 441 2038 negotiis
477 1952 696 2019 saecularibus
736 1954 967 2019 instituendum
1003 1951 1148 2035 neglexit

212 2036 305 2122 lium,
332 2043 435 2103 mater
461 2047 569 2104 autem
590 2038 807 2121 Ermenberga
828 2035 941 2104 officiis
963 2036 1146 2101 domesticis
1239 2116 1241 2122 y

186 2121 288 2205 probe
318 2121 427 2188 funeta
457 2122 532 2188 inde
564 2143 586 2188 a
615 2123 719 2207 prima
750 2121 888 2208 pueritia
915 2121 1002 2188 illius
1033 2126 1147 2206 pectus

187 2205 311 2290 pietate
345 2207 466 2273 studuit
498 2207 650 2272 imbuere.
703 2207 742 2270 In
774 2206 977 2290 disciplinam
1009 2206 1147 2270 traditus
1185 2226 1188 2236 ’

190 2291 364 2375 literaeque
387 2292 536 2376 edoctus,
565 2310 662 2375 quum
684 2289 824 2356 nondum
845 2292 1008 2376 attigisset
1030 2290 1147 2355 aetatis

189 2395 308 2440 annum
329 2376 475 2462 quintum
502 2375 672 2459 decimum,
701 2377 739 2440 A.
761 2375 801 2440 de
822 2376 910 2441 vitae
931 2375 1147 2458 monachicae,

189 2481 286 2544 quam
300 2461 370 2528 Deo
392 2462 531 2528 maxime
547 2460 780 2545 acceptabilem
801 2460 1007 2544 existimavit,
1029 2477 1147 2544 genere

189 2545 361 2629 deligendo
383 2547 517 2613 multum
539 2566 577 2612 ao
602 2566 674 2613 cum
689 2546 802 2611 ardore
818 2545 956 2631 quodam
978 2545 1148 2628 cogitavit.;

189 2651 301 2696 verum
334 2650 392 2718 spe
425 2631 609 2716 frustratus,
641 2630 709 2697 fore
741 2637 777 2695 ut
809 2637 919 2696 contra
950 2629 1149 2695 voluntatem

263 2801 289 2862 1)
307 2797 365 2854 err.
385 2799 526 2854 Eudoses-i
542 2797 678 2864 Cantuart
694 2797 822 2853 Monachi
841 2796 907 2853 Ord.
925 2797 953 2853 S.
971 2796 1075 2852 Bened.
1091 2793 1150 2876 [qui

152 2877 159 2884 '
189 2869 218 2928 S.
236 2869 307 2924 Ans.
327 2867 437 2922 auditor
465 2873 493 2922 st
514 2866 667 2937 discipulus
690 2867 888 2934 exiliorumque
916 2873 945 2920 et
962 2866 1089 2920 laborum
1107 2882 1149 2920 m·

190 2936 321 2990 dividuus
341 2953 432 2992 comes
456 2933 533 3008 fuitl,
558 2935 636 2990 testis
659 2935 716 2990 fide
738 2935 805 2990 setis
824 2935 902 3007 digni
918 2933 1015 3032 ‚3Libm
1032 2933 1096 2988 Duo
1115 2931 1150 2988 de

191 3003 259 3060 vita
270 3004 298 3061 S.
312 3005 454 3060 Amelmi“
471 3022 523 3060 nec
541 3022 597 3058 non
616 3003 757 3072 „Historia
774 3003 938 3060 Novomm‘
959 3003 1001 3058 ed.
1013 3003 1103 3056 Maur.
1116 3031 1150 3040 -

251 3113 258 3126 .
281 3075 305 3127 Ι.
329 3077 365 3128 A.
388 3075 526 3128 motae
550 3072 737 3128 Gesammeltc
762 3071 900 3128 Schriften
922 3071 980 3126 und
1006 3071 1150 3125 Auist'tze.

222 3157 330 3214 erausg.
354 3161 380 3196 v.
405 3141 577 3214 Ddllinger.“
612 3141 720 3196 Ratiab.
747 3147 811 3197 1839
839 3158 880 3211 sq.
906 3140 929 3209 Ι,
952 3145 975 3210 3,
1002 3145 1035 3194 32
1053 3156 1094 3211 scs
1115 3167 1151 3183 -ν

190 3209 325 3280 „Amelm
347 3228 402 3267 von
424 3209 608 3282 Canterbury.
644 3209 817 3282 Dargostellt
840 3226 894 3263 von
917 3211 952 3264 F.
978 3209 1014 3264 B.
1032 3208 1150 3263 Haece.“

193 3278 308 3334 2'Pomi
333 3279 411 3352 Lips.
436 3295 479 3336 aa.
503 3285 568 3336 1843
593 3285 622 3336 et
648 3284 713 3336 1852
739 3279 791 3348 ed,
816 3295 933 3352 quorum
957 3295 1029 3334 unus
1055 3277 1150 3350 vitam,

190 3347 261 3404 alter
278 3347 431 3404 doctrinam
449 3347 476 3406 S.
497 3347 566 3405 Ans.
584 3347 784 3420 complectitur.
