2636 3806
357 313 436 372 uun
451 311 553 375 nnus
569 312 688 373 Hosto.
723 315 759 372 11
780 322 821 374 ιε.
839 320 902 372 ισι
1022 317 1085 396 ,73

179 483 255 542 tione
278 483 416 555 sepientis
438 483 495 540 Dei
515 482 568 540 hoo
590 482 661 542 {feeit
684 484 709 540 si
731 501 788 542 non
811 501 957 557 possumus
983 484 1085 544 intelli·

78 577 82 584 “
180 586 255 642 gere,
279 585 335 626 non
352 569 484 626 ememus
501 568 596 628 mirari
612 571 662 628 sesi
680 587 745 626 oum
761 570 936 642 veneratione
955 571 1084 642 tolerare,

180 655 286 727 aliquid
295 673 356 714 esse
368 657 399 710 in
410 656 522 712 seeretis
535 662 630 720 trutee
641 655 683 712 rei
695 656 770 727 quod
780 656 948 728 ignoremus.
975 655 1086 728 Quippe
1102 654 1118 704 6

180 741 334 797 mirabilius
350 741 429 802 Deus
446 741 613 796 restsmuvit
630 741 780 798 humorum
797 746 925 799 naturum
941 759 1026 814 quem
1043 742 1084 798 in·

180 827 327 896 stsnruvit3
363 825 517 897 oequsliter
546 826 619 882 enim
650 831 798 899 utrumque
827 828 889 884 Deo
918 827 1000 884 focile
1030 835 1084 898 est;

180 911 231 968 sed
247 911 330 966 homo
347 917 496 982 antequem
514 916 600 981 esset,
617 929 674 968 nou
692 911 821 983 peooavit
837 919 869 968 ut
887 912 948 968 fieri
966 931 1023 969 non
1038 913 1085 969 de·

179 997 265 1054 beret.
299 997 452 1068 Postquam
471 1014 536 1052 vero
554 995 646 1052 faetus
672 1003 727 1066 est,
752 998 895 1068 peeouudo
913 998 1027 1068 meruit,
1053 999 1117 1052 uti
1137 1061 1141 1070 Δ

181 1081 255 1153 qued
286 1089 315 1141 et
343 1083 380 1138 sd
412 1083 487 1153 quod
512 1081 603 1138 faetus
629 1089 671 1138 est
699 1084 842 1154 perderem
873 1084 998 1155 quumvis
1029 1101 1085 1140 non

178 1168 331 1238 perdiderit
354 1167 465 1224 omuino
489 1167 564 1238 quod
589 1167 680 1224 feotrrs
705 1176 777 1239 erut,
797 1175 830 1224 ut
848 1175 921 1226 esset
939 1169 988 1241 qui
1005 1169 1086 1240 puni·

180 1260 256 1310 retur
280 1259 331 1309 eut
352 1253 398 1308 oui
414 1253 493 1308 Deus
515 1251 697 1310 misereretur.
733 1254 870 1310 Neutrum
891 1255 964 1310 enim
987 1247 1120 1310 horum⁸

179 1337 239 1396 fieri
263 1345 373 1410 posset,
400 1338 425 1394 si
449 1338 479 1392 in
502 1337 619 1394 nihilum
641 1339 770 1394 reduetus
795 1347 875 1396 esset
910 1335 1120 1411 Tentovergoi

180 1425 333 1481 mirabilius
359 1425 436 1480 Deus
464 1423 544 1479 illum
570 1421 691 1478 restituit
712 1439 796 1494 quem
813 1423 955 1496 instituit,
982 1431 1086 1494 quanto

180 1509 234 1568 hoo
255 1511 291 1568 de
313 1515 461 1582 peooamre
482 1515 579 1566 oenus
601 1505 744 1576 meritum,
770 1506 841 1562 illud
860 1525 917 1565 nou
937 1507 971 1562 de
985 1523 1085 1578 poeon-

181 1602 240 1652 tore
256 1611 309 1652 neo
328 1601 424 1658 coroa
437 1594 566 1650 mentum
582 1593 658 1649 ferio
689 1591 829 1664 Quantum
845 1593 928 1648 etiam
940 1599 983 1648 ost
993 1592 1086 1650 Deum
1104 1583 1136 1635 ¹⁰

181 1686 210 1738 et
224 1680 363 1736 hominem
382 1679 423 1734 sie
440 1680 474 1734 in
494 1697 581 1736 uuum
607 1677 770 1748 convenire,
793 1683 826 1732 ut
844 1683 953 1733 servata
971 1676 1085 1750 integri·

181 1772 239 1823 tute
261 1767 404 1836 utrimque
430 1769 549 1820 naturae
574 1763 647 1820 idem
671 1763 707 1818 sit
728 1762 811 1820 homo
828 1762 877 1835 qui
893 1763 980 1818 Deus.
1016 1762 1084 1828 Quis
1105 1755 1135 1807 ll

184 1865 249 1919 ergo
270 1856 429 1917 praesumot
451 1850 497 1904 vel
521 1849 657 1922 cogitare,
679 1849 754 1922 quod
773 1849 910 1905 humanus
928 1849 1085 1906 intellectus

181 1934 275 1994 russo
294 1939 451 2004 pessume,
474 1952 558 2007 quum
576 1935 731 2006 sapienter,
748 1951 831 2006 quem
848 1929 1012 1990 nostiliter
1028 1938 1086 1988 tom

181 2018 360 2076 imoroubilo
375 2037 446 2090 opus
464 2019 570 2076 foetum
588 2020 643 2075 sit?
678 2020 746 2074 Boo.
775 2018 921 2082 Assentior
940 2018 1006 2089 quis
1024 2012 1136 2072 nul-12

180 2103 224 2160 lus
249 2104 331 2160 homo
357 2110 450 2175 potest
475 2107 505 2162 iu
528 2106 582 2162 hoo
608 2107 668 2163 vito
689 2111 799 2162 tontum
818 2110 956 2160 secretum
973 2102 1087 2174 penitus

148 2197 151 2204 ’
180 2189 301 2260 operire,
331 2207 383 2246 neo
405 2195 469 2261 peto
495 2198 528 2246 ut
552 2191 654 2261 fusiss,
682 2191 757 2262 quod
782 2188 876 2244 nullus
893 2187 976 2246 homo
994 2188 1086 2244 fouere

178 2279 286 2347 potem
312 2275 363 2330 sed
384 2279 492 2330 tuntum
518 2283 653 2347 quantum
672 2282 760 2346 potes.
794 2274 863 2330 Plus
882 2272 956 2330 euim
971 2289 1083 2346 persus·
1105 2271 1136 2323 13

179 2358 259 2420 debis
281 2359 394 2416 ultores
418 2360 448 2414 in
470 2360 524 2418 hoo
546 2379 578 2418 -re
600 2361 722 2417 rationes
748 2361 849 2430 lutere,
869 2358 893 2412 si
915 2359 1038 2430 aliquam
1055 2366 1084 2414 te

178 2445 373 2502 monstraveris
397 2445 504 2515 videre,
529 2465 613 2520 quem
634 2448 658 2504 si
683 2453 712 2504 te
730 2447 835 2504 nullom
850 2446 881 2500 in
900 2462 933 2500 ee
950 2445 1084 2502 tutionem

178 2531 334 2602 intelligere
352 2529 422 2586 nihil
440 2531 558 2589 dioondo
575 2533 744 2602 probaveris.
781 2534 851 2588 Aoo.
876 2529 966 2588 Video
983 2546 1027 2585 me
1046 2529 1083 2586 sb
1104 2525 1136 2577 14

178 2616 388 2687 importunitate
409 2624 459 2674 tus
482 2635 539 2674 non
563 2634 644 2687 posse
668 2615 795 2689 libereri3
824 2616 873 2674 sed
899 2616 924 2669 si
949 2614 1085 2686 eliquato·

119 2771 126 2786 .
178 2719 232 2758 uus
248 2709 345 2772 potero
363 2703 439 2774 qued
456 2703 581 2774 postules
601 2701 754 2771 ostendere,
771 2701 875 2774 mutus
886 2716 1004 2772 egemus
1014 2699 1084 2758 Deo.

181 2784 212 2844 Si
237 2803 304 2844 vero
329 2804 386 2842 non
413 2795 524 2860 potero,
550 2787 693 2846 sufficiunt
717 2803 751 2842 es
771 2801 843 2858 quse
867 2802 951 2858 supra
966 2786 1086 2858 probam

181 2875 255 2928 sunt.
290 2871 362 2928 Cum
386 2873 461 2930 enim
479 2879 590 2932 constet
605 2874 697 2930 Deum
714 2872 853 2928 hominem
871 2870 932 2928 fieri
950 2879 1083 2944 oportere,
1104 2869 1134 2920 15

181 2953 298 3013 dubium
315 2973 372 3012 uon
387 2964 430 3014 est
449 2957 613 3028 sapientiam
633 2961 661 3012 et
677 2955 830 3026 potenusrn
849 2957 891 3013 illi
906 2976 964 3013 non
980 2959 1084 3023 deesse,

179 3047 211 3098 ut
237 3039 292 3098 hoe
321 3041 382 3099 sine
406 3049 524 3114 peoeoto
549 3041 607 3100 fist.
645 3044 714 3096 Boo.
753 3041 799 3100 Sio
824 3043 943 3100 libenter
968 3041 1084 3112 oooipio.

180 3125 249 3184 Ass.
287 3125 417 3197 Oportuit
441 3127 539 3200 utique
565 3134 598 3186 ut
628 3127 678 3182 ills
697 3128 832 3186 redemtio
853 3143 936 3200 quum
958 3126 1083 3184 Christro
1103 3129 1135 3181 18

179 3209 255 3280 iecit,
274 3211 418 3282 prodesset
435 3229 492 3273 nou
516 3212 606 3273 solum
629 3212 685 3270 illis
704 3213 753 3285 qui
772 3229 806 3270 eo
823 3219 946 3285 tempore
963 3212 1084 3283 suerum,

180 3297 232 3360 sed
255 3297 377 3354 statiis
413 3296 457 3355 Sit
479 3297 553 3356 onim
578 3314 627 3356 rex
649 3298 765 3372 atiquo..
790 3297 836 3354 oui
864 3297 1084 3371 totuspopulus
1103 3303 1134 3354 lt

181 3398 250 3440 nse
274 3382 420 3444 ortuum
443 3383 564 3441 orionus
587 3385 628 3442 sio
650 3384 789 3454 posterii,
815 3389 931 3455 exeepto
953 3402 1009 3441 uno
1026 3384 1085 3440 solo

1305 3411 1310 3506 1
