<?xml version="1.0" encoding="UTF-8"?>
<!DOCTYPE html PUBLIC "-//W3C//DTD XHTML 1.0 Transitional//EN"
    "http://www.w3.org/TR/xhtml1/DTD/xhtml1-transitional.dtd">
<html xmlns="http://www.w3.org/1999/xhtml" xml:lang="en" lang="en">
 <head>
  <title>
</title>
<meta http-equiv="Content-Type" content="text/html;charset=utf-8" />
  <meta name='ocr-system' content='tesseract 3.04.00' />
  <meta name='ocr-capabilities' content='ocr_page ocr_carea ocr_par ocr_line ocrx_word'/>
</head>
<body>
  <div class='ocr_page' id='page_1' title='image "./sanselmicantuar01laemgoog_0053.png"; bbox 0 0 2636 3806; ppageno 0'>
   <div class='ocr_carea' id='block_1_1' title="bbox 211 281 938 364">
    <p class='ocr_par' dir='ltr' id='par_1_1' title="bbox 211 281 938 364">
     <span class='ocr_line' id='line_1_1' title="bbox 211 281 938 364; baseline 0 -24"><span class='ocrx_word' id='word_1_1' title='bbox 211 287 254 353; x_wconf 78' lang='lat'><strong>28</strong></span> <span class='ocrx_word' id='word_1_2' title='bbox 394 281 938 364; x_wconf 67' lang='lat' dir='ltr'><strong>s.sussnucsurusnmus1s</strong></span> 
     </span>
    </p>
   </div>
   <div class='ocr_carea' id='block_1_2' title="bbox 179 451 1191 1884">
    <p class='ocr_par' dir='ltr' id='par_1_2' title="bbox 179 451 1191 1884">
     <span class='ocr_line' id='line_1_2' title="bbox 211 451 1118 526; baseline -0.004 -17"><span class='ocrx_word' id='word_1_3' title='bbox 211 454 239 510; x_wconf 90' lang='lat' dir='ltr'><strong>in</strong></span> <span class='ocrx_word' id='word_1_4' title='bbox 272 454 394 526; x_wconf 89' lang='lat' dir='ltr'><strong>quodam</strong></span> <span class='ocrx_word' id='word_1_5' title='bbox 419 452 578 508; x_wconf 79' lang='lat' dir='ltr'><strong>rationabili</strong></span> <span class='ocrx_word' id='word_1_6' title='bbox 604 460 633 508; x_wconf 90' lang='lat' dir='ltr'><strong>ct</strong></span> <span class='ocrx_word' id='word_1_7' title='bbox 660 452 785 523; x_wconf 68' lang='lat' dir='ltr'><strong>perfecto</strong></span> <span class='ocrx_word' id='word_1_8' title='bbox 810 467 925 507; x_wconf 88' lang='lat' dir='ltr'><strong>numero</strong></span> <span class='ocrx_word' id='word_1_9' title='bbox 950 451 1118 522; x_wconf 86' lang='lat' dir='ltr'><strong>praescitam</strong></span> 
     </span>
     <span class='ocr_line' id='line_1_3' title="bbox 212 536 1119 609; baseline -0.006 -14"><span class='ocrx_word' id='word_1_10' title='bbox 212 554 274 595; x_wconf 88' lang='lat' dir='ltr'><strong>esse</strong></span> <span class='ocrx_word' id='word_1_11' title='bbox 291 556 309 594; x_wconf 90' lang='lat' dir='ltr'><strong>a</strong></span> <span class='ocrx_word' id='word_1_12' title='bbox 325 539 399 609; x_wconf 91' lang='lat' dir='ltr'><strong>Deo,</strong></span> <span class='ocrx_word' id='word_1_13' title='bbox 418 539 458 593; x_wconf 88' lang='lat' dir='ltr'><strong>ita</strong></span> <span class='ocrx_word' id='word_1_14' title='bbox 475 545 507 592; x_wconf 92' lang='lat' dir='ltr'><strong>ut</strong></span> <span class='ocrx_word' id='word_1_15' title='bbox 522 555 573 592; x_wconf 89' lang='lat' dir='ltr'><strong>nec</strong></span> <span class='ocrx_word' id='word_1_16' title='bbox 590 538 720 594; x_wconf 75' lang='lat' dir='ltr'><strong>maiorem</strong></span> <span class='ocrx_word' id='word_1_17' title='bbox 737 555 790 594; x_wconf 89' lang='lat' dir='ltr'><strong>nec</strong></span> <span class='ocrx_word' id='word_1_18' title='bbox 808 539 942 592; x_wconf 83' lang='lat' dir='ltr'><strong>minorem</strong></span> <span class='ocrx_word' id='word_1_19' title='bbox 959 536 1038 590; x_wconf 87' lang='lat' dir='ltr'><strong>illum</strong></span> <span class='ocrx_word' id='word_1_20' title='bbox 1056 551 1119 590; x_wconf 88' lang='lat' dir='ltr'><strong>esse</strong></span> 
     </span>
     <span class='ocr_line' id='line_1_4' title="bbox 179 620 1118 692; baseline -0.004 -14"><span class='ocrx_word' id='word_1_21' title='bbox 179 623 324 691; x_wconf 71' lang='lat' dir='ltr'><strong>stercus,</strong></span> <span class='ocrx_word' id='word_1_22' title='bbox 350 641 407 678; x_wconf 89' lang='lat' dir='ltr'><strong>non</strong></span> <span class='ocrx_word' id='word_1_23' title='bbox 433 631 475 678; x_wconf 85' lang='lat' dir='ltr'><strong>cst</strong></span> <span class='ocrx_word' id='word_1_24' title='bbox 500 623 694 679; x_wconf 84' lang='lat' dir='ltr'><strong>dubitandum</strong></span> <span class='ocrx_word' id='word_1_25' title='bbox 737 623 798 676; x_wconf 88' lang='lat' dir='ltr'><strong>Aut</strong></span> <span class='ocrx_word' id='word_1_26' title='bbox 821 621 895 677; x_wconf 90' lang='lat' dir='ltr'><strong>enim</strong></span> <span class='ocrx_word' id='word_1_27' title='bbox 918 623 1007 677; x_wconf 87' lang='lat' dir='ltr'><strong>nescit</strong></span> <span class='ocrx_word' id='word_1_28' title='bbox 1032 620 1118 692; x_wconf 86' lang='lat' dir='ltr'><strong>Dens,</strong></span> 
     </span>
     <span class='ocr_line' id='line_1_5' title="bbox 212 701 1119 779; baseline -0.002 -17"><span class='ocrx_word' id='word_1_29' title='bbox 212 709 242 762; x_wconf 91' lang='lat' dir='ltr'><strong>in</strong></span> <span class='ocrx_word' id='word_1_30' title='bbox 260 723 316 779; x_wconf 88' lang='lat' dir='ltr'><strong>quo</strong></span> <span class='ocrx_word' id='word_1_31' title='bbox 335 723 451 761; x_wconf 88' lang='lat' dir='ltr'><strong>numero</strong></span> <span class='ocrx_word' id='word_1_32' title='bbox 475 707 574 762; x_wconf 85' lang='lat' dir='ltr'><strong>melius</strong></span> <span class='ocrx_word' id='word_1_33' title='bbox 599 725 660 762; x_wconf 90' lang='lat' dir='ltr'><strong>eam</strong></span> <span class='ocrx_word' id='word_1_34' title='bbox 684 701 945 764; x_wconf 73' lang='lat' dir='ltr'><strong>dccmt&#39;constisui:</strong></span> <span class='ocrx_word' id='word_1_35' title='bbox 973 707 1049 778; x_wconf 89' lang='lat' dir='ltr'><strong>quod</strong></span> <span class='ocrx_word' id='word_1_36' title='bbox 1065 706 1119 760; x_wconf 84' lang='lat' dir='ltr'><strong>ial-</strong></span> 
     </span>
     <span class='ocr_line' id='line_1_6' title="bbox 213 791 1118 864; baseline -0.003 -16"><span class='ocrx_word' id='word_1_37' title='bbox 213 809 275 848; x_wconf 83' lang='lat' dir='ltr'><strong>sum</strong></span> <span class='ocrx_word' id='word_1_38' title='bbox 298 801 355 862; x_wconf 89' lang='lat' dir='ltr'><strong>cst;</strong></span> <span class='ocrx_word' id='word_1_39' title='bbox 385 798 436 846; x_wconf 90' lang='lat' dir='ltr'><strong>aut</strong></span> <span class='ocrx_word' id='word_1_40' title='bbox 458 792 490 845; x_wconf 90' lang='lat' dir='ltr'><strong>si&#39;</strong></span> <span class='ocrx_word' id='word_1_41' title='bbox 509 791 576 861; x_wconf 87' lang='lat' dir='ltr'><strong>scit,</strong></span> <span class='ocrx_word' id='word_1_42' title='bbox 599 791 629 847; x_wconf 91' lang='lat' dir='ltr'><strong>iu</strong></span> <span class='ocrx_word' id='word_1_43' title='bbox 646 809 678 848; x_wconf 89' lang='lat' dir='ltr'><strong>eo</strong></span> <span class='ocrx_word' id='word_1_44' title='bbox 695 793 773 847; x_wconf 88' lang='lat' dir='ltr'><strong>illam</strong></span> <span class='ocrx_word' id='word_1_45' title='bbox 793 793 955 862; x_wconf 76' lang='lat' dir='ltr'><strong>constituet,</strong></span> <span class='ocrx_word' id='word_1_46' title='bbox 980 791 1118 864; x_wconf 78' lang='lat' dir='ltr'><strong>quemad</strong></span> 
     </span>
     <span class='ocr_line' id='line_1_7' title="bbox 180 875 1119 948; baseline -0.001 -17"><span class='ocrx_word' id='word_1_47' title='bbox 180 879 266 933; x_wconf 73' lang='lat' dir='ltr'><strong>eboc</strong></span> <span class='ocrx_word' id='word_1_48' title='bbox 289 876 473 933; x_wconf 80' lang='lat' dir='ltr'><strong>decentiorem</strong></span> <span class='ocrx_word' id='word_1_49' title='bbox 496 875 642 948; x_wconf 81' lang='lat' dir='ltr'><strong>intelliget.</strong></span> <span class='ocrx_word' id='word_1_50' title='bbox 686 878 863 948; x_wconf 73' lang='lat' dir='ltr'><strong>Quapropter</strong></span> <span class='ocrx_word' id='word_1_51' title='bbox 885 885 935 933; x_wconf 89' lang='lat' dir='ltr'><strong>aut</strong></span> <span class='ocrx_word' id='word_1_52' title='bbox 958 876 1053 948; x_wconf 83' lang='lat' dir='ltr'><strong>angeli</strong></span> <span class='ocrx_word' id='word_1_53' title='bbox 1077 876 1119 930; x_wconf 91' lang='lat' dir='ltr'><strong>illi</strong></span> 
     </span>
     <span class='ocr_line' id='line_1_8' title="bbox 213 960 1118 1035; baseline -0.003 -17"><span class='ocrx_word' id='word_1_54' title='bbox 213 963 263 1035; x_wconf 88' lang='lat' dir='ltr'><strong>qui</strong></span> <span class='ocrx_word' id='word_1_55' title='bbox 279 962 453 1030; x_wconf 88' lang='lat' dir='ltr'><strong>ceciderunt,</strong></span> <span class='ocrx_word' id='word_1_56' title='bbox 470 960 539 1016; x_wconf 85' lang='lat' dir='ltr'><strong>iacti</strong></span> <span class='ocrx_word' id='word_1_57' title='bbox 558 967 637 1017; x_wconf 89' lang='lat' dir='ltr'><strong>erant</strong></span> <span class='ocrx_word' id='word_1_58' title='bbox 655 964 691 1017; x_wconf 88' lang='lat' dir='ltr'><strong>ad</strong></span> <span class='ocrx_word' id='word_1_59' title='bbox 709 963 770 1032; x_wconf 89' lang='lat' dir='ltr'><strong>hoc,</strong></span> <span class='ocrx_word' id='word_1_60' title='bbox 786 970 819 1016; x_wconf 90' lang='lat' dir='ltr'><strong>ut</strong></span> <span class='ocrx_word' id='word_1_61' title='bbox 835 969 927 1018; x_wconf 90' lang='lat' dir='ltr'><strong>essent</strong></span> <span class='ocrx_word' id='word_1_62' title='bbox 946 961 1021 1016; x_wconf 89' lang='lat' dir='ltr'><strong>intra</strong></span> <span class='ocrx_word' id='word_1_63' title='bbox 1038 961 1118 1015; x_wconf 90' lang='lat' dir='ltr'><strong>illum</strong></span> 
     </span>
     <span class='ocr_line' id='line_1_9' title="bbox 213 1047 1120 1117; baseline -0.002 -14"><span class='ocrx_word' id='word_1_64' title='bbox 213 1061 374 1115; x_wconf 68' lang='lat' dir='ltr'><strong>numerum,</strong></span> <span class='ocrx_word' id='word_1_65' title='bbox 405 1051 455 1100; x_wconf 86' lang='lat' dir='ltr'><strong>eut</strong></span> <span class='ocrx_word' id='word_1_66' title='bbox 482 1047 549 1117; x_wconf 84' lang='lat' dir='ltr'><strong>quia</strong></span> <span class='ocrx_word' id='word_1_67' title='bbox 576 1054 653 1102; x_wconf 83' lang='lat' dir='ltr'><strong>extra</strong></span> <span class='ocrx_word' id='word_1_68' title='bbox 682 1048 760 1102; x_wconf 90' lang='lat' dir='ltr'><strong>illum</strong></span> <span class='ocrx_word' id='word_1_69' title='bbox 786 1065 931 1103; x_wconf 89' lang='lat' dir='ltr'><strong>numerum</strong></span> <span class='ocrx_word' id='word_1_70' title='bbox 956 1063 1120 1117; x_wconf 83' lang='lat' dir='ltr'><strong>permanere</strong></span> 
     </span>
     <span class='ocr_line' id='line_1_10' title="bbox 212 1131 1191 1204; baseline 0 -18"><span class='ocrx_word' id='word_1_71' title='bbox 212 1147 269 1186; x_wconf 92' lang='lat' dir='ltr'><strong>nou</strong></span> <span class='ocrx_word' id='word_1_72' title='bbox 293 1136 458 1204; x_wconf 83' lang='lat' dir='ltr'><strong>potuerunt,</strong></span> <span class='ocrx_word' id='word_1_73' title='bbox 483 1149 518 1186; x_wconf 85' lang='lat' dir='ltr'><strong>ex</strong></span> <span class='ocrx_word' id='word_1_74' title='bbox 542 1133 706 1188; x_wconf 77' lang='lat' dir='ltr'><strong>necessitate</strong></span> <span class='ocrx_word' id='word_1_75' title='bbox 729 1133 903 1188; x_wconf 87' lang='lat' dir='ltr'><strong>ceciderunt:</strong></span> <span class='ocrx_word' id='word_1_76' title='bbox 932 1131 1008 1203; x_wconf 84' lang='lat' dir='ltr'><strong>qued</strong></span> <span class='ocrx_word' id='word_1_77' title='bbox 1023 1132 1120 1186; x_wconf 87' lang='lat' dir='ltr'><strong>absur-</strong></span> <span class='ocrx_word' id='word_1_78' title='bbox 1186 1159 1191 1168; x_wconf 95' lang='lat'>·</span> 
     </span>
     <span class='ocr_line' id='line_1_11' title="bbox 215 1215 1118 1288; baseline 0.001 -18"><span class='ocrx_word' id='word_1_79' title='bbox 215 1217 342 1276; x_wconf 82' lang='lat' dir='ltr'><strong>dumest</strong></span> <span class='ocrx_word' id='word_1_80' title='bbox 366 1215 483 1287; x_wconf 77' lang='lat' dir='ltr'><strong>opinari.</strong></span> <span class='ocrx_word' id='word_1_81' title='bbox 519 1218 587 1272; x_wconf 86' lang='lat' dir='ltr'><strong>Bos.</strong></span> <span class='ocrx_word' id='word_1_82' title='bbox 622 1217 734 1273; x_wconf 80' lang='lat' dir='ltr'><strong>Veritas</strong></span> <span class='ocrx_word' id='word_1_83' title='bbox 757 1223 800 1272; x_wconf 87' lang='lat' dir='ltr'><strong>est</strong></span> <span class='ocrx_word' id='word_1_84' title='bbox 821 1221 919 1286; x_wconf 76' lang='lat' dir='ltr'><strong>aperte</strong></span> <span class='ocrx_word' id='word_1_85' title='bbox 940 1217 1016 1288; x_wconf 90' lang='lat' dir='ltr'><strong>quod</strong></span> <span class='ocrx_word' id='word_1_86' title='bbox 1041 1216 1118 1271; x_wconf 74' lang='lat' dir='ltr'><strong>dicia</strong></span> 
     </span>
     <span class='ocr_line' id='line_1_12' title="bbox 180 1300 1145 1374; baseline -0.004 -15"><span class='ocrx_word' id='word_1_87' title='bbox 180 1303 284 1359; x_wconf 68' lang='lat' dir='ltr'><strong>llius.</strong></span> <span class='ocrx_word' id='word_1_88' title='bbox 313 1301 451 1367; x_wconf 76' lang='lat' dir='ltr'><strong>Quoniam</strong></span> <span class='ocrx_word' id='word_1_89' title='bbox 467 1320 534 1374; x_wconf 84' lang='lat' dir='ltr'><strong>ergo</strong></span> <span class='ocrx_word' id='word_1_90' title='bbox 554 1303 589 1358; x_wconf 88' lang='lat' dir='ltr'><strong>de</strong></span> <span class='ocrx_word' id='word_1_91' title='bbox 608 1302 656 1357; x_wconf 90' lang='lat' dir='ltr'><strong>illo</strong></span> <span class='ocrx_word' id='word_1_92' title='bbox 673 1319 789 1357; x_wconf 90' lang='lat' dir='ltr'><strong>numero</strong></span> <span class='ocrx_word' id='word_1_93' title='bbox 808 1317 869 1356; x_wconf 88' lang='lat' dir='ltr'><strong>esse</strong></span> <span class='ocrx_word' id='word_1_94' title='bbox 888 1300 1052 1370; x_wconf 81' lang='lat' dir='ltr'><strong>debuerunt,</strong></span> <span class='ocrx_word' id='word_1_95' title='bbox 1069 1307 1145 1356; x_wconf 81' lang='lat' dir='ltr'><strong>aut&#39;</strong></span> 
     </span>
     <span class='ocr_line' id='line_1_13' title="bbox 213 1387 1119 1456; baseline 0.002 -16"><span class='ocrx_word' id='word_1_96' title='bbox 213 1387 411 1443; x_wconf 75' lang='lat' dir='ltr'><strong>restaurandus</strong></span> <span class='ocrx_word' id='word_1_97' title='bbox 429 1393 472 1441; x_wconf 89' lang='lat' dir='ltr'><strong>est</strong></span> <span class='ocrx_word' id='word_1_98' title='bbox 489 1403 523 1440; x_wconf 84' lang='lat' dir='ltr'><strong>ex</strong></span> <span class='ocrx_word' id='word_1_99' title='bbox 548 1387 712 1442; x_wconf 77' lang='lat' dir='ltr'><strong>necessitate</strong></span> <span class='ocrx_word' id='word_1_100' title='bbox 736 1403 868 1442; x_wconf 85' lang='lat' dir='ltr'><strong>numerus</strong></span> <span class='ocrx_word' id='word_1_101' title='bbox 891 1404 1000 1456; x_wconf 90' lang='lat' dir='ltr'><strong>eorum,</strong></span> <span class='ocrx_word' id='word_1_102' title='bbox 1024 1387 1119 1442; x_wconf 75' lang='lat' dir='ltr'><strong>autin</strong></span> 
     </span>
     <span class='ocr_line' id='line_1_14' title="bbox 213 1472 1168 1551; baseline -0.001 -23"><span class='ocrx_word' id='word_1_103' title='bbox 213 1473 375 1545; x_wconf 84' lang='lat' dir='ltr'><strong>imperfecto</strong></span> <span class='ocrx_word' id='word_1_104' title='bbox 401 1489 517 1528; x_wconf 89' lang='lat' dir='ltr'><strong>numero</strong></span> <span class='ocrx_word' id='word_1_105' title='bbox 545 1473 700 1528; x_wconf 89' lang='lat' dir='ltr'><strong>remanebit</strong></span> <span class='ocrx_word' id='word_1_106' title='bbox 729 1472 872 1527; x_wconf 83' lang='lat' dir='ltr'><strong>rationalis</strong></span> <span class='ocrx_word' id='word_1_107' title='bbox 901 1479 1016 1538; x_wconf 85' lang='lat' dir='ltr'><strong>natura,</strong></span> <span class='ocrx_word' id='word_1_108' title='bbox 1048 1487 1120 1544; x_wconf 86' lang='lat' dir='ltr'><strong>quae</strong></span> <span class='ocrx_word' id='word_1_109' title='bbox 1163 1541 1168 1551; x_wconf 26' lang='grc' dir='ltr'>ι</span> 
     </span>
     <span class='ocr_line' id='line_1_15' title="bbox 213 1555 1120 1629; baseline -0.003 -17"><span class='ocrx_word' id='word_1_110' title='bbox 213 1559 243 1614; x_wconf 91' lang='lat' dir='ltr'><strong>in</strong></span> <span class='ocrx_word' id='word_1_111' title='bbox 270 1575 385 1614; x_wconf 88' lang='lat' dir='ltr'><strong>numero</strong></span> <span class='ocrx_word' id='word_1_112' title='bbox 408 1555 532 1629; x_wconf 82' lang='lat' dir='ltr'><strong>perfecto</strong></span> <span class='ocrx_word' id='word_1_113' title='bbox 559 1559 699 1628; x_wconf 84' lang='lat' dir='ltr'><strong>praescita</strong></span> <span class='ocrx_word' id='word_1_114' title='bbox 725 1565 781 1627; x_wconf 79' lang='lat' dir='ltr'><strong>est3</strong></span> <span class='ocrx_word' id='word_1_115' title='bbox 806 1557 881 1628; x_wconf 85' lang='lat' dir='ltr'><strong>quod</strong></span> <span class='ocrx_word' id='word_1_116' title='bbox 905 1573 965 1610; x_wconf 89' lang='lat' dir='ltr'><strong>esse</strong></span> <span class='ocrx_word' id='word_1_117' title='bbox 984 1573 1040 1610; x_wconf 92' lang='lat' dir='ltr'><strong>non</strong></span> <span class='ocrx_word' id='word_1_118' title='bbox 1059 1561 1120 1626; x_wconf 88' lang='lat' dir='ltr'><strong>pot·</strong></span> 
     </span>
     <span class='ocr_line' id='line_1_16' title="bbox 180 1640 1120 1712; baseline -0.002 -13"><span class='ocrx_word' id='word_1_119' title='bbox 180 1654 195 1707; x_wconf 82' lang='grc'>8</span> <span class='ocrx_word' id='word_1_120' title='bbox 213 1651 263 1699; x_wconf 85' lang='lat' dir='ltr'><strong>est</strong></span> <span class='ocrx_word' id='word_1_121' title='bbox 298 1647 367 1698; x_wconf 84' lang='lat' dir='ltr'><strong>Bos.</strong></span> <span class='ocrx_word' id='word_1_122' title='bbox 383 1641 572 1697; x_wconf 82' lang='lat' dir='ltr'><strong>Restaurandi</strong></span> <span class='ocrx_word' id='word_1_123' title='bbox 589 1641 687 1712; x_wconf 89' lang='lat' dir='ltr'><strong>procul</strong></span> <span class='ocrx_word' id='word_1_124' title='bbox 704 1640 790 1695; x_wconf 90' lang='lat' dir='ltr'><strong>dubio</strong></span> <span class='ocrx_word' id='word_1_125' title='bbox 811 1647 881 1695; x_wconf 85' lang='lat' dir='ltr'><strong>sunt</strong></span> <span class='ocrx_word' id='word_1_126' title='bbox 909 1641 979 1695; x_wconf 78' lang='lat' dir='ltr'><strong>Arre.</strong></span> <span class='ocrx_word' id='word_1_127' title='bbox 997 1640 1120 1697; x_wconf 80' lang='lat' dir='ltr'><strong>Necesse</strong></span> 
     </span>
     <span class='ocr_line' id='line_1_17' title="bbox 214 1726 1121 1800; baseline -0.002 -17"><span class='ocrx_word' id='word_1_128' title='bbox 214 1735 257 1783; x_wconf 88' lang='lat' dir='ltr'><strong>est</strong></span> <span class='ocrx_word' id='word_1_129' title='bbox 274 1746 355 1800; x_wconf 85' lang='lat' dir='ltr'><strong>ergo,</strong></span> <span class='ocrx_word' id='word_1_130' title='bbox 380 1744 427 1782; x_wconf 89' lang='lat' dir='ltr'><strong>eos</strong></span> <span class='ocrx_word' id='word_1_131' title='bbox 451 1726 485 1780; x_wconf 89' lang='lat' dir='ltr'><strong>de</strong></span> <span class='ocrx_word' id='word_1_132' title='bbox 505 1726 629 1780; x_wconf 80' lang='lat' dir='ltr'><strong>humana</strong></span> <span class='ocrx_word' id='word_1_133' title='bbox 647 1731 760 1795; x_wconf 88' lang='lat' dir='ltr'><strong>natura,</strong></span> <span class='ocrx_word' id='word_1_134' title='bbox 779 1726 912 1798; x_wconf 90' lang='lat' dir='ltr'><strong>quoniam</strong></span> <span class='ocrx_word' id='word_1_135' title='bbox 930 1732 1047 1782; x_wconf 88' lang='lat' dir='ltr'><strong>nonest</strong></span> <span class='ocrx_word' id='word_1_136' title='bbox 1064 1727 1121 1781; x_wconf 84' lang='lat' dir='ltr'><strong>elia</strong></span> 
     </span>
     <span class='ocr_line' id='line_1_18' title="bbox 215 1812 1070 1884; baseline -0.001 -18"><span class='ocrx_word' id='word_1_137' title='bbox 215 1812 250 1868; x_wconf 86' lang='lat' dir='ltr'><strong>de</strong></span> <span class='ocrx_word' id='word_1_138' title='bbox 267 1829 324 1884; x_wconf 82' lang='lat' dir='ltr'><strong>qua</strong></span> <span class='ocrx_word' id='word_1_139' title='bbox 340 1813 448 1883; x_wconf 78' lang='lat' dir='ltr'><strong>possint</strong></span> <span class='ocrx_word' id='word_1_140' title='bbox 464 1812 619 1866; x_wconf 81' lang='lat' dir='ltr'><strong>restaurari</strong></span> <span class='ocrx_word' id='word_1_141' title='bbox 964 1822 969 1833; x_wconf 92' lang='grc'><strong>“</strong></span> <span class='ocrx_word' id='word_1_142' title='bbox 1066 1820 1070 1824; x_wconf 86' lang='grc'><em>“</em></span> 
     </span>
    </p>
   </div>
   <div class='ocr_carea' id='block_1_3' title="bbox 180 1949 1121 3424">
    <p class='ocr_par' dir='ltr' id='par_1_3' title="bbox 182 1949 1120 2230">
     <span class='ocr_line' id='line_1_19' title="bbox 182 1949 1119 2054; baseline 0.001 -19"><span class='ocrx_word' id='word_1_143' title='bbox 182 1997 194 2049; x_wconf 87' lang='lat'><strong>1</strong></span> <span class='ocrx_word' id='word_1_144' title='bbox 293 1949 362 2035; x_wconf 65' lang='grc' dir='ltr'><strong>Π·</strong></span> <span class='ocrx_word' id='word_1_145' title='bbox 410 1986 480 2037; x_wconf 84' lang='lat' dir='ltr'><strong>Bos.</strong></span> <span class='ocrx_word' id='word_1_146' title='bbox 516 1981 573 2037; x_wconf 84' lang='lat' dir='ltr'><strong>Cur</strong></span> <span class='ocrx_word' id='word_1_147' title='bbox 598 2001 654 2037; x_wconf 89' lang='lat' dir='ltr'><strong>non</strong></span> <span class='ocrx_word' id='word_1_148' title='bbox 678 1982 733 2053; x_wconf 88' lang='lat' dir='ltr'><strong>ipsi</strong></span> <span class='ocrx_word' id='word_1_149' title='bbox 751 1987 801 2037; x_wconf 87' lang='lat' dir='ltr'><strong>aut</strong></span> <span class='ocrx_word' id='word_1_150' title='bbox 820 1981 869 2036; x_wconf 80' lang='lat' dir='ltr'><strong>alii</strong></span> <span class='ocrx_word' id='word_1_151' title='bbox 885 1982 979 2054; x_wconf 87' lang='lat' dir='ltr'><strong>angeli</strong></span> <span class='ocrx_word' id='word_1_152' title='bbox 997 1999 1048 2052; x_wconf 87' lang='lat' dir='ltr'><strong>pro</strong></span> <span class='ocrx_word' id='word_1_153' title='bbox 1064 1982 1119 2036; x_wconf 88' lang='lat' dir='ltr'><strong>illis</strong></span> 
     </span>
     <span class='ocr_line' id='line_1_20' title="bbox 213 2067 1120 2139; baseline 0 -17"><span class='ocrx_word' id='word_1_154' title='bbox 213 2074 331 2139; x_wconf 90' lang='lat' dir='ltr'><strong>possunt</strong></span> <span class='ocrx_word' id='word_1_155' title='bbox 356 2069 484 2124; x_wconf 83' lang='lat' dir='ltr'><strong>restitui?</strong></span> <span class='ocrx_word' id='word_1_156' title='bbox 519 2069 589 2122; x_wconf 79' lang='lat' dir='ltr'><strong>Aoo.</strong></span> <span class='ocrx_word' id='word_1_157' title='bbox 625 2068 696 2122; x_wconf 88' lang='lat' dir='ltr'><strong>Cum</strong></span> <span class='ocrx_word' id='word_1_158' title='bbox 720 2067 828 2124; x_wconf 88' lang='lat' dir='ltr'><strong>videbis</strong></span> <span class='ocrx_word' id='word_1_159' title='bbox 855 2074 966 2122; x_wconf 86' lang='lat' dir='ltr'><strong>nostrae</strong></span> <span class='ocrx_word' id='word_1_160' title='bbox 982 2073 1120 2122; x_wconf 86' lang='lat' dir='ltr'><strong>restaura·</strong></span> 
     </span>
     <span class='ocr_line' id='line_1_21' title="bbox 213 2151 1119 2230; baseline -0.004 -22"><span class='ocrx_word' id='word_1_161' title='bbox 213 2154 296 2208; x_wconf 87' lang='lat' dir='ltr'><strong>tionis</strong></span> <span class='ocrx_word' id='word_1_162' title='bbox 319 2153 525 2224; x_wconf 84' lang='lat' dir='ltr'><strong>difficultatem,</strong></span> <span class='ocrx_word' id='word_1_163' title='bbox 551 2152 694 2224; x_wconf 48' lang='lat' dir='ltr'><strong>intelligis&gt;</strong></span> <span class='ocrx_word' id='word_1_164' title='bbox 709 2169 803 2207; x_wconf 91' lang='lat' dir='ltr'><strong>eorum</strong></span> <span class='ocrx_word' id='word_1_165' title='bbox 820 2151 1051 2230; x_wconf 69' lang='lat' dir='ltr'><strong>reconciliationis</strong></span> <span class='ocrx_word' id='word_1_166' title='bbox 1068 2151 1119 2204; x_wconf 88' lang='lat' dir='ltr'><strong>im-</strong></span> 
     </span>
    </p>

    <p class='ocr_par' dir='ltr' id='par_1_4' title="bbox 180 2237 1121 2735">
     <span class='ocr_line' id='line_1_22' title="bbox 180 2237 1119 2310; baseline -0.003 -17"><span class='ocrx_word' id='word_1_167' title='bbox 180 2237 431 2309; x_wconf 70' lang='lat' dir='ltr'><strong>ppossibilitatem.</strong></span> <span class='ocrx_word' id='word_1_168' title='bbox 466 2240 533 2294; x_wconf 89' lang='lat' dir='ltr'><strong>Alii·</strong></span> <span class='ocrx_word' id='word_1_169' title='bbox 547 2247 641 2296; x_wconf 84' lang='lat' dir='ltr'><strong>autem</strong></span> <span class='ocrx_word' id='word_1_170' title='bbox 663 2238 757 2310; x_wconf 80' lang='lat' dir='ltr'><strong>angeli</strong></span> <span class='ocrx_word' id='word_1_171' title='bbox 780 2255 832 2308; x_wconf 83' lang='lat' dir='ltr'><strong>pro</strong></span> <span class='ocrx_word' id='word_1_172' title='bbox 858 2237 915 2293; x_wconf 83' lang='lat' dir='ltr'><strong>illis</strong></span> <span class='ocrx_word' id='word_1_173' title='bbox 935 2237 1045 2291; x_wconf 88' lang='lat' dir='ltr'><strong>restitui</strong></span> <span class='ocrx_word' id='word_1_174' title='bbox 1064 2253 1119 2290; x_wconf 87' lang='lat' dir='ltr'><strong>non</strong></span> 
     </span>
     <span class='ocr_line' id='line_1_23' title="bbox 213 2322 1120 2396; baseline 0.002 -20"><span class='ocrx_word' id='word_1_175' title='bbox 213 2329 333 2393; x_wconf 85' lang='lat' dir='ltr'><strong>possunt</strong></span> <span class='ocrx_word' id='word_1_176' title='bbox 350 2323 421 2392; x_wconf 87' lang='lat' dir='ltr'><strong>ideo,</strong></span> <span class='ocrx_word' id='word_1_177' title='bbox 440 2323 484 2394; x_wconf 92' lang='lat' dir='ltr'><strong>(ut</strong></span> <span class='ocrx_word' id='word_1_178' title='bbox 500 2334 607 2382; x_wconf 81' lang='lat' dir='ltr'><strong>taceam</strong></span> <span class='ocrx_word' id='word_1_179' title='bbox 628 2324 765 2396; x_wconf 89' lang='lat' dir='ltr'><strong>quomodo</strong></span> <span class='ocrx_word' id='word_1_180' title='bbox 782 2325 835 2380; x_wconf 88' lang='lat' dir='ltr'><strong>hoc</strong></span> <span class='ocrx_word' id='word_1_181' title='bbox 852 2339 1010 2394; x_wconf 83' lang='lat' dir='ltr'><strong>repugnare</strong></span> <span class='ocrx_word' id='word_1_182' title='bbox 1027 2322 1120 2378; x_wconf 83' lang='lat' dir='ltr'><strong>videa-</strong></span> 
     </span>
     <span class='ocr_line' id='line_1_24' title="bbox 213 2405 1120 2482; baseline 0.001 -21"><span class='ocrx_word' id='word_1_183' title='bbox 213 2413 260 2461; x_wconf 84' lang='lat' dir='ltr'><strong>tur</strong></span> <span class='ocrx_word' id='word_1_184' title='bbox 276 2407 382 2478; x_wconf 86' lang='lat' dir='ltr'><strong>primae</strong></span> <span class='ocrx_word' id='word_1_185' title='bbox 400 2411 547 2465; x_wconf 87' lang='lat' dir='ltr'><strong>creationis</strong></span> <span class='ocrx_word' id='word_1_186' title='bbox 562 2409 738 2482; x_wconf 79' lang='lat' dir='ltr'><strong>perfectioni)</strong></span> <span class='ocrx_word' id='word_1_187' title='bbox 765 2412 831 2481; x_wconf 84' lang='lat' dir='ltr'><strong>quia</strong></span> <span class='ocrx_word' id='word_1_188' title='bbox 853 2405 910 2466; x_wconf 84' lang='lat' dir='ltr'><strong>non</strong></span> <span class='ocrx_word' id='word_1_189' title='bbox 928 2408 1044 2478; x_wconf 87' lang='lat' dir='ltr'><strong>debent,</strong></span> <span class='ocrx_word' id='word_1_190' title='bbox 1066 2407 1120 2462; x_wconf 87' lang='lat' dir='ltr'><strong>nisi</strong></span> 
     </span>
     <span class='ocr_line' id='line_1_25' title="bbox 213 2492 1121 2565; baseline 0 -18"><span class='ocrx_word' id='word_1_191' title='bbox 213 2493 285 2548; x_wconf 79' lang='lat' dir='ltr'><strong>tales</strong></span> <span class='ocrx_word' id='word_1_192' title='bbox 304 2509 364 2548; x_wconf 89' lang='lat' dir='ltr'><strong>esse</strong></span> <span class='ocrx_word' id='word_1_193' title='bbox 380 2494 499 2563; x_wconf 84' lang='lat' dir='ltr'><strong>possint,</strong></span> <span class='ocrx_word' id='word_1_194' title='bbox 527 2496 624 2565; x_wconf 82' lang='lat' dir='ltr'><strong>quales</strong></span> <span class='ocrx_word' id='word_1_195' title='bbox 641 2494 684 2548; x_wconf 92' lang='lat' dir='ltr'><strong>illi</strong></span> <span class='ocrx_word' id='word_1_196' title='bbox 700 2494 819 2548; x_wconf 83' lang='lat' dir='ltr'><strong>fuissent</strong></span> <span class='ocrx_word' id='word_1_197' title='bbox 835 2492 859 2546; x_wconf 87' lang='lat' dir='ltr'><strong>ei</strong></span> <span class='ocrx_word' id='word_1_198' title='bbox 875 2511 931 2554; x_wconf 87' lang='lat' dir='ltr'><strong>nen</strong></span> <span class='ocrx_word' id='word_1_199' title='bbox 948 2499 1121 2564; x_wconf 74' lang='lat' dir='ltr'><strong>peccassent,</strong></span> 
     </span>
     <span class='ocr_line' id='line_1_26' title="bbox 214 2577 1120 2650; baseline 0 -18"><span class='ocrx_word' id='word_1_200' title='bbox 214 2593 278 2634; x_wconf 88' lang='lat' dir='ltr'><strong>oum</strong></span> <span class='ocrx_word' id='word_1_201' title='bbox 295 2578 337 2633; x_wconf 91' lang='lat' dir='ltr'><strong>illi</strong></span> <span class='ocrx_word' id='word_1_202' title='bbox 355 2579 433 2633; x_wconf 90' lang='lat' dir='ltr'><strong>nulla</strong></span> <span class='ocrx_word' id='word_1_203' title='bbox 451 2578 511 2632; x_wconf 86' lang='lat' dir='ltr'><strong>visa</strong></span> <span class='ocrx_word' id='word_1_204' title='bbox 528 2578 653 2632; x_wconf 81' lang='lat' dir='ltr'><strong>vindicte</strong></span> <span class='ocrx_word' id='word_1_205' title='bbox 667 2581 777 2650; x_wconf 74' lang='lat' dir='ltr'><strong>peccati</strong></span> <span class='ocrx_word' id='word_1_206' title='bbox 788 2586 1024 2649; x_wconf 78' lang='lat' dir='ltr'><strong>perseverassent3</strong></span> <span class='ocrx_word' id='word_1_207' title='bbox 1044 2577 1120 2650; x_wconf 85' lang='lat' dir='ltr'><strong>quod</strong></span> 
     </span>
     <span class='ocr_line' id='line_1_27' title="bbox 214 2656 1119 2735; baseline 0.002 -17"><span class='ocrx_word' id='word_1_208' title='bbox 214 2670 279 2734; x_wconf 90' lang='lat' dir='ltr'><strong>post</strong></span> <span class='ocrx_word' id='word_1_209' title='bbox 296 2664 406 2719; x_wconf 88' lang='lat' dir='ltr'><strong>illorum</strong></span> <span class='ocrx_word' id='word_1_210' title='bbox 425 2656 522 2718; x_wconf 85' lang='lat' dir='ltr'><strong>casum</strong></span> <span class='ocrx_word' id='word_1_211' title='bbox 539 2662 602 2716; x_wconf 83' lang='lat' dir='ltr'><strong>eliis</strong></span> <span class='ocrx_word' id='word_1_212' title='bbox 620 2663 668 2733; x_wconf 92' lang='lat' dir='ltr'><strong>qui</strong></span> <span class='ocrx_word' id='word_1_213' title='bbox 691 2682 742 2735; x_wconf 88' lang='lat' dir='ltr'><strong>pro</strong></span> <span class='ocrx_word' id='word_1_214' title='bbox 759 2664 814 2717; x_wconf 90' lang='lat' dir='ltr'><strong>illis</strong></span> <span class='ocrx_word' id='word_1_215' title='bbox 831 2665 1055 2733; x_wconf 87' lang='lat' dir='ltr'><strong>restituerentur,</strong></span> <span class='ocrx_word' id='word_1_216' title='bbox 1078 2681 1119 2720; x_wconf 85' lang='lat' dir='ltr'><strong>ee·</strong></span> 
     </span>
    </p>

    <p class='ocr_par' dir='ltr' id='par_1_5' title="bbox 180 2747 1121 3424">
     <span class='ocr_line' id='line_1_28' title="bbox 181 2747 1120 2819; baseline 0.002 -18"><span class='ocrx_word' id='word_1_217' title='bbox 181 2749 259 2802; x_wconf 70' lang='lat' dir='ltr'><strong>teet</strong></span> <span class='ocrx_word' id='word_1_218' title='bbox 284 2748 462 2819; x_wconf 87' lang='lat' dir='ltr'><strong>impossibile.</strong></span> <span class='ocrx_word' id='word_1_219' title='bbox 506 2747 570 2803; x_wconf 88' lang='lat' dir='ltr'><strong>Non</strong></span> <span class='ocrx_word' id='word_1_220' title='bbox 591 2747 664 2802; x_wconf 88' lang='lat' dir='ltr'><strong>enim</strong></span> <span class='ocrx_word' id='word_1_221' title='bbox 690 2749 795 2818; x_wconf 87' lang='lat' dir='ltr'><strong>pariter</strong></span> <span class='ocrx_word' id='word_1_222' title='bbox 814 2749 970 2806; x_wconf 80' lang='lat' dir='ltr'><strong>laudabiles</strong></span> <span class='ocrx_word' id='word_1_223' title='bbox 994 2757 1071 2819; x_wconf 87' lang='lat' dir='ltr'><strong>suut,</strong></span> <span class='ocrx_word' id='word_1_224' title='bbox 1096 2749 1120 2803; x_wconf 90' lang='lat' dir='ltr'><strong>si</strong></span> 
     </span>
     <span class='ocr_line' id='line_1_29' title="bbox 215 2833 1120 2906; baseline 0.006 -19"><span class='ocrx_word' id='word_1_225' title='bbox 215 2839 292 2887; x_wconf 79' lang='lat' dir='ltr'><strong>stunt</strong></span> <span class='ocrx_word' id='word_1_226' title='bbox 314 2834 343 2886; x_wconf 91' lang='lat' dir='ltr'><strong>in</strong></span> <span class='ocrx_word' id='word_1_227' title='bbox 365 2834 494 2903; x_wconf 85' lang='lat' dir='ltr'><strong>veritate,</strong></span> <span class='ocrx_word' id='word_1_228' title='bbox 520 2833 619 2905; x_wconf 90' lang='lat' dir='ltr'><strong>etqui</strong></span> <span class='ocrx_word' id='word_1_229' title='bbox 641 2833 746 2888; x_wconf 88' lang='lat' dir='ltr'><strong>nullam</strong></span> <span class='ocrx_word' id='word_1_230' title='bbox 770 2835 849 2891; x_wconf 84' lang='lat' dir='ltr'><strong>novit</strong></span> <span class='ocrx_word' id='word_1_231' title='bbox 868 2835 977 2906; x_wconf 87' lang='lat' dir='ltr'><strong>peccati</strong></span> <span class='ocrx_word' id='word_1_232' title='bbox 1001 2851 1120 2905; x_wconf 87' lang='lat' dir='ltr'><strong>poenam</strong></span> 
     </span>
     <span class='ocr_line' id='line_1_30' title="bbox 215 2918 1120 2992; baseline 0.001 -17"><span class='ocrx_word' id='word_1_233' title='bbox 215 2926 244 2975; x_wconf 88' lang='lat' dir='ltr'><strong>et</strong></span> <span class='ocrx_word' id='word_1_234' title='bbox 262 2918 310 2989; x_wconf 89' lang='lat' dir='ltr'><strong>qni</strong></span> <span class='ocrx_word' id='word_1_235' title='bbox 328 2935 390 2973; x_wconf 84' lang='lat' dir='ltr'><strong>eam</strong></span> <span class='ocrx_word' id='word_1_236' title='bbox 413 2936 522 2989; x_wconf 87' lang='lat' dir='ltr'><strong>semper</strong></span> <span class='ocrx_word' id='word_1_237' title='bbox 545 2919 647 2990; x_wconf 87' lang='lat' dir='ltr'><strong>aspicit</strong></span> <span class='ocrx_word' id='word_1_238' title='bbox 666 2927 816 2974; x_wconf 89' lang='lat' dir='ltr'><strong>aeternam.</strong></span> <span class='ocrx_word' id='word_1_239' title='bbox 853 2920 926 2975; x_wconf 89' lang='lat' dir='ltr'><strong>Nam</strong></span> <span class='ocrx_word' id='word_1_240' title='bbox 943 2918 1120 2992; x_wconf 84' lang='lat' dir='ltr'><strong>nequequam</strong></span> 
     </span>
     <span class='ocr_line' id='line_1_31' title="bbox 214 3003 1120 3076; baseline 0.003 -18"><span class='ocrx_word' id='word_1_241' title='bbox 214 3003 371 3075; x_wconf 87' lang='lat' dir='ltr'><strong>putandum</strong></span> <span class='ocrx_word' id='word_1_242' title='bbox 389 3008 432 3058; x_wconf 87' lang='lat' dir='ltr'><strong>eet</strong></span> <span class='ocrx_word' id='word_1_243' title='bbox 452 3003 538 3058; x_wconf 92' lang='lat' dir='ltr'><strong>bonos</strong></span> <span class='ocrx_word' id='word_1_244' title='bbox 562 3005 675 3076; x_wconf 84' lang='lat' dir='ltr'><strong>angelos</strong></span> <span class='ocrx_word' id='word_1_245' title='bbox 701 3022 761 3060; x_wconf 89' lang='lat' dir='ltr'><strong>esse</strong></span> <span class='ocrx_word' id='word_1_246' title='bbox 783 3005 959 3060; x_wconf 86' lang='lat' dir='ltr'><strong>confirmatos</strong></span> <span class='ocrx_word' id='word_1_247' title='bbox 977 3023 1046 3060; x_wconf 91' lang='lat' dir='ltr'><strong>casu</strong></span> <span class='ocrx_word' id='word_1_248' title='bbox 1063 3023 1120 3061; x_wconf 88' lang='lat' dir='ltr'><strong>ma·</strong></span> 
     </span>
     <span class='ocr_line' id='line_1_32' title="bbox 180 3087 1121 3162; baseline 0.004 -17"><span class='ocrx_word' id='word_1_249' title='bbox 180 3087 313 3158; x_wconf 68' lang='lat' dir='ltr'><strong>ilerum,</strong></span> <span class='ocrx_word' id='word_1_250' title='bbox 331 3089 380 3144; x_wconf 90' lang='lat' dir='ltr'><strong>sed</strong></span> <span class='ocrx_word' id='word_1_251' title='bbox 399 3105 449 3144; x_wconf 87' lang='lat' dir='ltr'><strong>suo</strong></span> <span class='ocrx_word' id='word_1_252' title='bbox 469 3087 577 3146; x_wconf 90' lang='lat' dir='ltr'><strong>merito.</strong></span> <span class='ocrx_word' id='word_1_253' title='bbox 614 3089 692 3146; x_wconf 85' lang='lat' dir='ltr'><strong>Sicut</strong></span> <span class='ocrx_word' id='word_1_254' title='bbox 716 3107 836 3162; x_wconf 87' lang='lat' dir='ltr'><strong>namque</strong></span> <span class='ocrx_word' id='word_1_255' title='bbox 853 3090 878 3143; x_wconf 90' lang='lat' dir='ltr'><strong>si</strong></span> <span class='ocrx_word' id='word_1_256' title='bbox 896 3090 963 3146; x_wconf 92' lang='lat' dir='ltr'><strong>boni</strong></span> <span class='ocrx_word' id='word_1_257' title='bbox 983 3109 1046 3148; x_wconf 91' lang='lat' dir='ltr'><strong>cnm</strong></span> <span class='ocrx_word' id='word_1_258' title='bbox 1062 3109 1121 3149; x_wconf 92' lang='lat' dir='ltr'><strong>ma·</strong></span> 
     </span>
     <span class='ocr_line' id='line_1_33' title="bbox 214 3171 1121 3244; baseline 0.008 -18"><span class='ocrx_word' id='word_1_259' title='bbox 214 3171 249 3226; x_wconf 90' lang='lat' dir='ltr'><strong>lis</strong></span> <span class='ocrx_word' id='word_1_260' title='bbox 267 3178 446 3244; x_wconf 83' lang='lat' dir='ltr'><strong>peccassent,</strong></span> <span class='ocrx_word' id='word_1_261' title='bbox 472 3174 554 3228; x_wconf 88' lang='lat' dir='ltr'><strong>simul</strong></span> <span class='ocrx_word' id='word_1_262' title='bbox 573 3173 696 3229; x_wconf 88' lang='lat' dir='ltr'><strong>damnati</strong></span> <span class='ocrx_word' id='word_1_263' title='bbox 716 3181 821 3238; x_wconf 89' lang='lat' dir='ltr'><strong>essent,</strong></span> <span class='ocrx_word' id='word_1_264' title='bbox 840 3174 881 3230; x_wconf 80' lang='lat' dir='ltr'><strong>its</strong></span> <span class='ocrx_word' id='word_1_265' title='bbox 898 3176 994 3234; x_wconf 88' lang='lat' dir='ltr'><strong>iniusti</strong></span> <span class='ocrx_word' id='word_1_266' title='bbox 1013 3178 1037 3232; x_wconf 89' lang='lat' dir='ltr'><strong>si</strong></span> <span class='ocrx_word' id='word_1_267' title='bbox 1056 3195 1121 3233; x_wconf 88' lang='lat' dir='ltr'><strong>cum</strong></span> 
     </span>
     <span class='ocr_line' id='line_1_34' title="bbox 215 3256 1121 3334; baseline 0.01 -24"><span class='ocrx_word' id='word_1_268' title='bbox 215 3256 295 3313; x_wconf 87' lang='lat' dir='ltr'><strong>iustis</strong></span> <span class='ocrx_word' id='word_1_269' title='bbox 318 3259 470 3327; x_wconf 83' lang='lat' dir='ltr'><strong>stetissent,</strong></span> <span class='ocrx_word' id='word_1_270' title='bbox 493 3258 596 3328; x_wconf 86' lang='lat' dir='ltr'><strong>pariter</strong></span> <span class='ocrx_word' id='word_1_271' title='bbox 619 3258 774 3314; x_wconf 78' lang='lat' dir='ltr'><strong>confirmati</strong></span> <span class='ocrx_word' id='word_1_272' title='bbox 793 3260 919 3317; x_wconf 83' lang='lat' dir='ltr'><strong>fuissent.</strong></span> <span class='ocrx_word' id='word_1_273' title='bbox 959 3263 1071 3334; x_wconf 82' lang='lat' dir='ltr'><strong>Quippe</strong></span> <span class='ocrx_word' id='word_1_274' title='bbox 1095 3263 1121 3320; x_wconf 89' lang='lat' dir='ltr'><strong>si</strong></span> 
     </span>
     <span class='ocr_line' id='line_1_35' title="bbox 215 3341 1120 3424; baseline 0.01 -26"><span class='ocrx_word' id='word_1_275' title='bbox 215 3343 304 3415; x_wconf 74' lang='lat' dir='ltr'><strong>aliqui</strong></span> <span class='ocrx_word' id='word_1_276' title='bbox 325 3359 421 3398; x_wconf 90' lang='lat' dir='ltr'><strong>eorum</strong></span> <span class='ocrx_word' id='word_1_277' title='bbox 442 3346 498 3396; x_wconf 83' lang='lat' dir='ltr'><strong>non</strong></span> <span class='ocrx_word' id='word_1_278' title='bbox 520 3341 575 3395; x_wconf 85' lang='lat' dir='ltr'><strong>nisi</strong></span> <span class='ocrx_word' id='word_1_279' title='bbox 597 3357 666 3398; x_wconf 79' lang='lat' dir='ltr'><strong>casu</strong></span> <span class='ocrx_word' id='word_1_280' title='bbox 687 3344 805 3400; x_wconf 77' lang='lat' dir='ltr'><strong>aliorum</strong></span> <span class='ocrx_word' id='word_1_281' title='bbox 828 3348 1010 3404; x_wconf 85' lang='lat' dir='ltr'><strong>confirmandi</strong></span> <span class='ocrx_word' id='word_1_282' title='bbox 1032 3358 1120 3424; x_wconf 83' lang='lat' dir='ltr'><strong>crant,</strong></span> 
     </span>
    </p>
   </div>
   <div class='ocr_carea' id='block_1_4' title="bbox 0 0 1326 3806">
    <p class='ocr_par' dir='ltr' id='par_1_6' title="bbox 0 0 1326 3806">
     <span class='ocr_line' id='line_1_36' title="bbox 0 0 1326 3806; baseline 0 0"><span class='ocrx_word' id='word_1_283' title='bbox 0 0 1326 3806; x_wconf 95' lang='lat' dir='ltr'><strong> </strong></span> 
     </span>
    </p>
   </div>
  </div>
 </body>
</html>
