2636 3806
422 283 501 342 OUR
516 283 617 342 DEUS
634 283 754 342 HOMO.
789 284 888 344 111⁸.
1068 287 1109 354 87

203 469 285 536 pesse
302 459 332 509 et
348 469 405 508 uon
423 471 505 525 posse
523 460 552 510 et
574 455 766 535 ueeeesitetem
790 453 941 526 aliquando
958 455 1028 525 diei,
1052 473 1109 512 uon

205 539 271 610 quis
293 539 408 594 suntin
432 540 516 595 rebus
536 539 586 594 ubi
609 539 754 608 dicuutur,
776 538 826 594 sed
848 538 978 610 quonism
997 541 1109 596 suntin

203 625 270 690 alio,
294 624 336 680 its
358 630 386 680 et
408 623 518 680 debere.
554 624 663 696 Quippe
688 640 752 679 eum
775 623 892 678 dicimus
915 623 1016 680 debere
1039 632 1159 696 pau-15

203 727 283 781 peres
305 726 325 765 s
349 708 483 764 divitibus
506 710 709 781 eleemosynam
730 709 869 781 seeipere,
892 726 949 764 uon
970 713 1014 764 est
1031 709 1108 765 eliud

203 812 287 866 quem
316 795 415 850 divites
444 794 545 851 debere
573 795 743 868 pauperibus
775 793 978 865 eleemosyuem
1003 794 1107 866 impen-

203 880 282 948 dere3
317 878 369 934 hoe
402 895 523 953 nemque
561 881 687 937 debitum
723 897 780 936 non
816 884 859 935 est
894 878 1062 951 exigendum
1090 897 1108 934 a

201 967 324 1034 paupere
352 963 402 1018 sed
428 981 446 1020 e
472 966 567 1022 divite.
612 965 689 1022 Deus
714 982 824 1038 quoque
850 964 954 1020 dieitur
980 964 1107 1020 omnibus
1127 964 1160 1017 lb

152 1061 156 1070 ’
203 1049 304 1105 debere
325 1066 467 1122 praeesse,
498 1068 554 1106 non
586 1051 652 1122 quie
678 1051 729 1106 ille·
743 1050 774 1106 in
790 1050 843 1106 hee
860 1050 1054 1122 aliquomodo
1073 1050 1109 1106 sit

203 1133 320 1204 debitor,
344 1134 539 1208 sedquoniam
563 1137 656 1193 emnia
681 1135 784 1192 debent
800 1133 841 1189 illi
861 1135 991 1206 subesse,
1016 1141 1044 1191 et
1061 1136 1108 1191 de-

202 1219 268 1274 bere
291 1219 385 1275 faeere
408 1220 484 1292 qued
507 1220 579 1289 vult,
604 1221 735 1291 quonism
758 1221 834 1292 quod
859 1220 920 1274 vult
936 1220 1020 1284 debet
1039 1237 1108 1276 esse.

203 1304 248 1360 Ite
268 1307 379 1377 quaudo
396 1306 457 1360 vult
472 1305 567 1376 alique
589 1312 719 1360 ereatura
740 1303 846 1373 faeere,
874 1306 949 1373 quod
967 1323 1049 1360 suum
1066 1313 1109 1362 eet
1127 1303 1160 1356 17

202 1390 294 1447 faeere
317 1396 346 1448 et
368 1409 425 1446 non
445 1391 551 1460 faeere,
576 1390 678 1446 dieitru
701 1389 804 1446 debere
821 1388 927 1460 faeere,
950 1390 1017 1460 quie
1032 1392 1108 1462 quod

200 1475 263 1548 ipse
279 1477 340 1532 vult
357 1477 441 1532 debet
457 1491 526 1532 esse.
561 1475 697 1530 Dominus
722 1475 818 1546 itaque
835 1474 929 1544 Iesus,
953 1491 1018 1530 eum
1037 1495 1107 1532 mor·
1125 1474 1161 1532 ts

200 1566 258 1614 tem
274 1560 356 1629 (sieut
373 1561 502 1629 diximus)
520 1561 655 1617 sustinere
672 1561 774 1629 voluit,
800 1561 931 1631 quonium
949 1577 1030 1616 suum
1049 1569 1109 1617 eret

106 1707 109 1712 ,
201 1650 231 1700 et
247 1646 307 1717 peti
325 1653 354 1701 et
372 1663 428 1701 non
445 1647 513 1718 peti,
530 1646 628 1702 debuit
644 1646 737 1703 fecere
754 1646 830 1718 quod
846 1645 928 1727 feeit,
947 1646 1015 1718 quie
1032 1646 1108 1717 quod

201 1731 290 1786 voluit
314 1730 375 1786 fieri
402 1732 512 1802 debuit,
537 1737 567 1788 et
588 1749 645 1788 nen
665 1732 764 1789 debuit
780 1731 885 1800 faeere,
912 1730 1054 1802 quianon
1074 1748 1107 1786 ex

201 1816 305 1872 debito.
341 1817 448 1888 Nempe
475 1819 606 1889 quonism
628 1819 689 1890 ipse
713 1819 788 1875 idem
810 1823 853 1873 est
873 1815 950 1872 Deus
970 1816 1106 1888 ethome,
1127 1826 1161 1879 19

201 1903 354 1957 seeundum
377 1902 526 1957 humanam
543 1904 656 1976 quidem
681 1910 809 1960 naturum
829 1917 935 1972 exque
954 1902 1009 1958 fuit
1027 1903 1108 1962 homo

201 1986 241 2042 sie
261 1988 369 2059 aceepit
387 2005 405 2042 e
429 1987 524 2043 divine
551 1995 665 2059 netum,
693 2006 765 2060 quse
788 1985 903 2044 aliaest
920 1987 956 2044 eb
977 1988 1108 2058 humana,

201 2090 261 2129 esse
280 2092 361 2129 suum
378 2070 515 2144 quidquid
532 2071 668 2144 habebat,
691 2079 724 2128 ut
749 2073 820 2128 nihil
839 2073 953 2130 deberet
970 2074 1037 2128 dere
1054 2073 1109 2127 nisi

201 2156 277 2228 quod
292 2158 418 2226 velebet3
444 2157 596 2212 seeundum
610 2175 756 2229 personam
773 2176 838 2214 vero
855 2151 895 2211 sie
915 2177 933 2214 e
950 2159 1042 2231 seipse
1059 2159 1108 2213 he·

200 2243 285 2299 behet
317 2244 391 2314 quod
421 2244 570 2309 hebebat1)
600 2248 630 2298 et
659 2233 712 2299 sie'
732 2244 855 2316 perfecte
874 2246 941 2313 {sibi
969 2245 1109 2301 sufficiens

203 2334 276 2398 eret,
299 2333 332 2382 ut
348 2345 401 2383 nee
426 2329 475 2384 ulii
498 2328 648 2400 quiequam
671 2330 823 2386 retribuere
847 2331 975 2401 deberet,
998 2348 1050 2386 nee
1075 2337 1108 2386 ut

200 2413 255 2469 sibi
281 2414 479 2472 retribueretur
505 2415 572 2469 dere
598 2415 745 2487 indigeret
793 2417 862 2470 Bos.
897 2415 1004 2487 Aperte
1028 2433 1103 2472 nune
1125 2410 1185 2465 20*

201 2499 297 2569 video,
320 2498 387 2569 quis
413 2499 491 2555 nuile
507 2501 615 2556 ratione
634 2501 756 2572 seipsum
772 2500 853 2557 morti
870 2517 903 2558 ex
921 2499 1028 2570 debito,
1055 2499 1107 2554 sie·

200 2590 234 2640 ut
258 2584 330 2643 ratio
355 2601 418 2641 mee
445 2585 594 2640 videbatur
619 2592 789 2656 monstrare,
819 2586 895 2642 dedit
919 2587 1105 2641 adhererem

199 2669 267 2738 Dei,
294 2675 323 2725 et
344 2676 437 2727 tumen
456 2670 548 2728 faeere
573 2671 670 2727 debuit
694 2672 768 2744 quod
792 2671 865 2727 feeit
902 2671 972 2726 Am.
1009 2670 1107 2726 Honor
1124 2671 1156 2725 11

200 2755 297 2826 utique
323 2755 372 2813 ille
397 2756 482 2812 totius
507 2764 550 2812 est
578 2755 736 2828 'Iiinitetis3
765 2771 851 2828 quere
877 2757 1010 2828 quonism
1032 2756 1106 2812 idem

192 2839 259 2909 'ipse
283 2845 325 2895 est
345 2841 423 2896 Deus
447 2841 536 2897 Filius
561 2841 629 2912 Dei,
655 2843 692 2897 sd
718 2842 849 2898 honorem
875 2860 957 2897 suum
985 2842 1107 2912 seipsum

200 2925 254 2982 sibi
279 2926 351 2981 sieut
366 2927 445 2982 Petri
468 2933 496 2982 et
522 2926 638 2998 Spiritui
660 2932 757 2982 saneto
780 2925 883 2983 obtulit
900 2928 918 2982 i.
938 2945 961 2983 e.
977 2927 1103 2997 humeni-

199 3015 286 3066 tetem
304 3025 382 3065 susm
399 3011 538 3068 divinitati
555 3029 639 3082 ruse,
667 3029 740 3084 quse
756 3029 814 3068 une
832 3013 929 3069 eedem
945 3012 1030 3068 trium
1045 3028 1107 3084 per·

200 3112 330 3151 seuerum
351 3102 399 3152 est
435 3097 477 3154 Ut
493 3101 588 3154 tumen
610 3097 640 3152 in
664 3098 762 3154 eedem
783 3097 846 3170 ipse
861 3097 978 3154 veritate
994 3113 1106 3153 munen-
1124 3095 1160 3148 22

125 3171 131 3184 ⁸
199 3185 242 3236 tes
260 3181 382 3252 apertius
401 3182 547 3256 loquamur
564 3182 638 3255 qued
655 3185 791 3254 volumus,
810 3184 934 3239 dieamus
951 3182 1025 3241 sieut
1039 3199 1106 3238 usus

272 3337 297 3405 1)
316 3336 435 3391 babebat
455 3338 590 3409 quiequid
609 3338 727 3392 babebat
743 3337 806 3394 Aa.
914 3357 916 3362 ·
