2636 3806
349 305 676 366 anabudanona.
710 309 748 366 11.
770 314 894 367 12-14.·
1025 309 1083 378 69·

166 481 226 546 ter,
247 482 349 538 utetur.
384 479 573 553 Ignorantiam
593 497 658 536 vere
675 495 732 536 non
747 479 849 551 peterit
864 495 1004 539 assumere
1021 496 1066 536 ss-
1077 473 1120 551 '1⁰

167 561 289 633 pientes,
314 564 378 635 quie
393 583 537 638 nunquam
555 573 597 623 est
613 565 690 622 utilis
703 565 753 622 sed
772 581 881 637 semper
896 565 992 635 noxia,
1013 565 1068 622 nisi
1105 603 1108 616 ι
1179 591 1182 596 ·

166 645 240 702 forte
267 665 330 703 eum
355 667 406 721 per
431 667 492 707 eum
517 652 591 709 mala
615 652 743 708 voluntas
773 669 844 724 quse
870 667 1016 722 nunquam,
1037 649 1068 706 in

168 729 217 786 illo
235 732 296 802 etit,
312 735 348 791 ab
367 736 470 794 effectu
483 738 665 810 restringitur.
700 737 773 795 Nam
791 737 843 796 etsi
860 735 1011 808 aliquando
1031 735 1069 790 ud
1086 736 1118 792 11

165 816 243 872 alind
264 836 320 875 non
342 829 437 892 nocet,
460 823 512 879 hoe
533 824 592 879 solo
614 829 709 879 tamen
733 829 827 893 nocet,
854 823 921 894 quia
937 820 1070 878 scientiae

168 901 272 960 bonum
296 907 405 979 aufem
428 912 458 963 et
480 914 512 964 ut
535 907 655 964 breviter
677 908 819 964 absolvam
844 907 918 980 quod
945 906 1069 978 quaerisr

169 1003 203 1042 ex
231 1007 286 1062 quo
312 991 393 1050 homo
417 993 464 1050 ille
489 994 558 1064 erit,
583 994 681 1067 plenus
702 991 764 1048 Deo
790 1009 898 1064 semper
924 998 956 1048 ιιι
978 991 1069 1063 seipso
1149 1007 1151 1014 ⁴

167 1072 236 1140 θῐῑῒῖ
258 1074 332 1132 unde
352 1095 495 1150 nunquam
510 1079 563 1135 erit
578 1079 638 1136 sine
658 1071 858 1150 eius'potsntis
868 1087 896 1136 et
907 1078 1069 1136 fortitudine

169 1161 198 1211 et
214 1159 360 1230 sapientia.
395 1167 463 1218 Bos.
490 1163 620 1230 Quamvis
648 1165 705 1222 hoe·
721 1165 751 1220 in
768 1163 877 1220 Christo
893 1163 980 1220 fuisse
999 1179 1068 1220 sem·
1088 1156 1122 1209 ¹²

168 1260 219 1313 per
243 1262 300 1301 non
327 1247 496 1318 dubitarem,
522 1249 585 1306 ideo
610 1256 704 1306 tamen
733 1248 870 1321 quaesivi,
894 1253 928 1304 ιιι
954 1248 990 1304 de
1015 1243 1094 1302 hoe'

168 1320 279 1401 quoqu'e
296 1331 431 1390 rationem
454 1334 587 1392 audirem.
623 1335 711 1406 Saepe
735 1351 854 1406 namque
879 1332 985 1405 aliquid
1009 1349 1071 1399 esse

166 1415 238 1473 eerti
256 1433 350 1472 sumus
369 1425 507 1478 ettamen
523 1421 576 1480 hoe
592 1420 698 1478 ratione
715 1417 836 1492 probare
849 1419 996 1474 nescimus.

247 1606 315 1693 14.
366 1643 435 1697 Bos.
463 1641 545 1700 Nune
569 1659 638 1716 rogo
665 1648 697 1698 ut
719 1643 819 1698 doceas
843 1653 902 1707 me,
933 1638 1103 1712 quomodol

167 1739 242 1776 mors
259 1725 318 1780 eius
334 1727 494 1797 praevaleat
513 1745 628 1786 numero
646 1735 673 1785 et
691 1726 876 1802 magnitudini
892 1730 1072 1797 peecatorum

170 1807 306 1873 omnium,
334 1827 398 1866 eum
420 1831 506 1870 unum
527 1815 613 1887 (quod
629 1817 760 1886 putamus
776 1812 955 1891 levissimum)
974 1826 1071 1882 peeea·
1127 1808 1131 1817 ’

171 1895 231 1945 tum
250 1896 307 1946 tam
323 1893 459 1952 infinitum
481 1903 630 1969 monstres,
654 1905 686 1954 ut
709 1899 733 1954 si
757 1913 886 1955 numerus
905 1894 1072 1950 obtendatur

167 1974 294 2032 infinitus
321 1981 505 2053 mundorum‚·
525 1984 573 2055 qui
599 1983 638 2038 sie
665 1983 741 2055 pleni
765 1984 820 2038 sint
842 1979 976 2036 creaturis
1000 1979 1073 2033 sieut

167 2059 222 2117 iste
239 2067 293 2132 est,
315 2082 367 2120 nee
383 2067 610 2136 pos'sinteervari
635 2067 702 2139 quin
719 2065 882 2138 redigantur
899 2066 929 2119 in
946 2063 1072 2134 nihilum,

169 2148 224 2204 nisi
241 2147 327 2204 faciat
346 2149 446 2221 aliquis
464 2147 605 2222 etpeetum
621 2170 709 2207 unum
719 2158 815 2207 eontra
826 2152 997 2206 veluntatem
1008 2145 1071 2218 Dei,

169 2251 226 2290 ιιοιι
243 2238 337 2290 tamen
355 2233 415 2290 fieri
433 2236 540 2292 debeat.
548 2239 568 2307 ¹)
604 2239 674 2293 Aes.
702 2238 732 2293 Si
750 2253 882 2309 praesens
899 2237 973 2290 es'set
989 2225 1106 2288 bome²

167 2319 216 2376 ille
234 2327 262 2376 et
281 2319 343 2393 quis
362 2327 435 2376 esset
453 2321 550 2392 seires,
574 2321 607 2377 et'
622 2315 760 2378 diceretur
775 2320 841 2395 tibir
865 2319 919 2376 nisi
936 2318 1071 2375 oeeideris

167 2404 306 2462 hominem
327 2405 419 2475 illum,
445 2405 549 2478 peribit
570 2408 690 2462 mundus
713 2407 765 2462 iste
787 2413 861 2464 totus
883 2410 912 2464 et
936 2403 1073 2478 quidquid

168 2487 246 2546 Deus
269 2507 326 2546 non
348 2498 405 2562 θοις
428 2492 534 2548 faceres
555 2492 608 2548 hoe
633 2511 684 2564 pro
708 2494 896 2550 conservanda
918 2491 992 2548 omni
1016 2488 1073 2546 alie
1097 2527 1099 2532 -

168 2576 314 2633 ereatura?
348 2579 417 2633 Bos.
438 2577 502 2636 Non
519 2577 647 2645 facerem,
673 2577 781 2635 etiamsi
797 2578 864 2634 mihi
881 2577 1005 2633 infinitus
1020 2592 1071 2632 nu·
1089 2569 1105 2622 3

168 2677 260 2719 merus
287 2663 452 2719 mundorum
478 2661 682 2720 obtenderetur.
717 2666 785 2722 Aee.
822 2664 897 2730 Quid
925 2664 950 2718 si
972 2663 1072 2717 iterum
1088 2653 1127 2706 4‘
1161 2677 1166 2690 ’

134 2807 139 2818 Ι
168 2744 222 2800 tibi
239 2745 390 2804 diceretur:
408 2752 458 2804 aut
475 2766 539 2805 eum
557 2751 666 2806 occidas
684 2756 733 2806 aut
744 2751 837 2807 omnia
847 2752 964 2820 peecata
976 2744 1072 2800 mundi
1105 2801 1106 2806 ,

169 2829 282 2886 venient
307 2851 390 2904 super
414 2833 462 2890 te?
505 2836 573 2891 Boe.
608 2835 815 2908 Responderem
837 2848 882 2888 me
905 2831 998 2905 potius
1017 2827 1106 2886 alia5

142 2937 144 2940 ·
169 2915 263 2970 omnia
285 2923 399 2988 peecata
420 2919 493 2976 velle
515 2920 666 2993 suscipere,
689 2936 746 2975 non
769 2918 859 2974 solum
875 2917 957 2974 huius
976 2914 1073 2971 mundi

170 2996 243 3070 duae
267 2999 379 3058 fumant
399 3009 428 3059 et
451 3020 523 3076 quae
543 3003 638 3058 futura
661 3010 738 3074 sunt,
766 3004 816 3062 sed
839 3009 868 3060 et
891 3015 1073 3076 quaeeunque

169 3081 254 3155 super
272 3084 341 3141 haee
366 3089 482 3160 eogitari
506 3095 636 3161 possunt,
660 3106 743 3160 quam
762 3089 838 3146 istud
856 3089 954 3147 solum.
991 3083 1073 3151 Quod

169 3185 226 3224 non
250 3170 338 3226 solum
355 3172 396 3228 'de
418 3175 554 3267 occisione
575 3175 634 3232 eius
656 3174 706 3231 sed
733 3180 762 3232 et
783 3175 818 3230 de
840 3173 965 3246 qualibet
986 3188 1075 3244 parva

240 3361 266 3428 1)
284 3359 340 3418 ce.
357 3359 421 3420 Lib.
440 3347 463 3418 1'.
481 3379 515 3442 e„
527 3368 602 3434 rte
619 3379 660 3434 sq,
