2636 3806
389 333 467 391 cua
483 331 585 391 Deus
603 333 722 392 HOMO.
757 335 780 391 1.
800 339 841 391 25.
1029 332 1071 399 51

160 506 198 561 ad
225 504 279 560 hoc
304 501 432 574 provehi,
458 503 496 558 ad
525 502 599 574 quod
624 501 715 559 factus
743 507 793 558 est¹
828 501 1005 573 Quapropter
1021 501 1123 558 cutio

160 596 239 646 extra
266 589 351 645 fidem
378 588 558 644 christianam
590 589 757 645 invenienda
791 594 835 644 est
859 588 969 658 peccati
991 587 1071 644 satis-

159 674 254 745 factio,
274 674 385 746 qualem
406 692 491 746 supra
510 691 570 729 esse
589 674 691 729 debere
705 672 886 743 ostendimus,
904 673 980 746 quod
991 674 1070 730 nulla

102 823 106 831 ι
159 761 230 816 ratio
264 766 357 832 potest
386 760 548 830 ostendere,
575 763 625 813 ant
653 757 843 814 indubitanter
870 758 899 814 in
928 759 978 815 illa
1008 777 1069 816 esee

159 846 300 902 credenda
326 851 376 902 ost.
420 845 501 910 Quod
524 845 599 900 enim
622 844 778 899 necessaria
801 844 911 901 ratione
933 844 1069 902 veraciter
1088 846 1118 897 11

158 949 218 987 esse
238 931 393 1003 colligitur,
419 927 449 983 id
474 929 504 983 in
527 930 632 985 nullam
660 929 744 985 debet
768 929 869 985 deduci
888 929 1067 1001 dubietatem,

158 1016 267 1071 etiamsi
286 1017 357 1072 ratio
378 1016 518 1087 quomodo
536 1015 573 1070 sit
592 1033 649 1070 non
664 1007 824 1086 percipitur.
858 1017 926 1070 Bos.
961 1015 1068 1072 Verum

158 1099 295 1172 estquod
313 1100 391 1157 dicis.
426 1102 497 1156 Aac.
515 1099 591 1168 Quid
608 1117 675 1172 ergo
694 1101 805 1172 quaeris
823 1099 963 1172 amplius?
998 1103 1067 1157 Bos.
1087 1097 1119 1150 11

157 1184 221 1262 Non
247 1186 283 1241 ed
308 1185 361 1241 hoc
383 1186 461 1256 veni,
485 1192 517 1241 ut
540 1186 651 1242 auferas
675 1187 743 1242 mihi
765 1186 832 1242 fidei
856 1185 1067 1258 dubitationem,

157 1271 208 1325 sed
224 1276 257 1325 ut
275 1272 405 1328 ostendes
422 1270 490 1326 mihi
505 1270 679 1326 certitudinis
699 1289 777 1328 meae
794 1270 931 1328 rationem
939 1273 975 1343 ¹);
999 1289 1068 1344 qua·

156 1360 270 1425 propter
296 1353 368 1410 sicut
392 1373 438 1412 me
468 1355 672 1412 rationabiliter
703 1352 843 1412 deduxisti
871 1357 908 1412 ad
938 1357 1006 1428 hoo,
1034 1363 1067 1413 ut

156 1439 268 1494 videam
301 1439 440 1498 hominem
475 1448 651 1514 peccatorem
689 1441 743 1498 hoc
777 1441 879 1498 debere
914 1442 976 1498 Deo
1014 1459 1067 1515 pro

156 1531 281 1595 peccato,
300 1526 375 1596 quod
392 1533 422 1584 ct
438 1527 556 1584 reddere
573 1528 672 1600 nequit
687 1533 716 1584 et
734 1527 789 1582 nisi
799 1527 953 1584 reddiderit
964 1528 1067 1583 salvari

156 1627 212 1664 non
235 1609 325 1665 valet:
353 1611 393 1666 ita
419 1612 482 1668 volo
507 1629 552 1666 me
576 1612 713 1684 perducas
738 1613 819 1684 illuc,
848 1621 882 1668 ut
907 1611 1067 1669 rationabili

156 1695 322 1750 necessitate
348 1695 502 1769 intelligam
528 1715 589 1753 esse
618 1705 745 1771 oportere
778 1697 872 1754 omnis
900 1695 963 1766 illa,
994 1714 1067 1767 quac

156 1781 236 1836 uobis
262 1780 331 1836 fides
358 1783 496 1839 catholica
527 1784 562 1839 de
590 1783 699 1840 Christo
724 1785 837 1840 credere
862 1781 1015 1853 praecipit,
1043 1782 1068 1837 si

155 1866 284 1922 volumus
311 1865 426 1935 salvari,
455 1874 483 1924 ot
511 1869 579 1940 quid
602 1869 715 1926 valeant
741 1870 778 1926 ad
801 1868 921 1924 salutem
938 1867 1066 1938 hominis,

155 1956 186 2008 ct
202 1951 322 2024 qualiter
339 1951 417 2008 Deus
438 1953 626 2010 misericordia
644 1954 734 2009 salvet
749 1953 902 2021 hominem,
929 1969 993 2006 cum
1011 1969 1067 2007 non

155 2037 279 2093 dimittat
297 2037 339 2092 illi
355 2043 511 2109 peccabam,
528 2039 582 2094 nisi
600 2039 754 2095 reddiderit
773 2039 849 2110 quod
865 2043 979 2108 propter
995 2035 1066 2091 illud

156 2121 254 2193 debet,
277 2130 307 2180 et
328 2129 361 2178 ut
386 2124 517 2180 certiores
537 2123 593 2178 siut
610 2121 864 2195 argumentationes
885 2127 965 2190 tuae,
990 2121 1067 2178 sica

155 2206 240 2279 longe
265 2207 369 2279 incipe,
396 2215 428 2264 ut
452 2225 500 2264 eas
527 2225 611 2280 supra
632 2205 742 2262 firmum
767 2205 980 2262 fundumentum
1001 2225 1066 2264 eou-

156 2291 263 2348 stitues.
299 2294 370 2350 Aac.
405 2293 530 2350 Adiuvat
548 2309 592 2348 me
611 2309 686 2346 nunc
703 2292 794 2362 Deus,
812 2291 880 2363 quia
898 2298 930 2348 tu
948 2293 1065 2352 nullate·
1086 2297 1116 2348 13

154 2395 209 2432 nus
235 2378 303 2434 mihi
324 2378 417 2449 parcis
442 2393 494 2432 nec
517 2378 676 2434 consideras
695 2375 914 2434 imbecillitatem
932 2379 1065 2436 scientiae

155 2480 247 2534 meae,
273 2464 320 2519 cui
337 2470 396 2520 tam
414 2480 546 2535 magnum
565 2480 635 2534 opus
652 2461 783 2533 iniungis.
818 2463 945 2521 Tentabo
962 2471 1064 2535 tamen,

156 2549 382 2621 quandoquidem
403 2548 509 2620 incepi,
533 2565 590 2604 non
609 2549 639 2604 in
657 2565 701 2604 me
720 2548 817 2603 sedin
834 2549 896 2605 Deo
914 2549 1064 2616 confidens,

155 2639 184 2690 ct
216 2634 320 2690 faciam
350 2635 425 2706 quod
457 2634 518 2706 ipso
556 2633 707 2690 adiurante
736 2640 842 2705 potero.
877 2633 934 2689 Sed
962 2651 997 2690 ne
1023 2634 1064 2689 fa·
1085 2630 1117 2683 14

153 2720 269 2776 stidium
294 2719 363 2779 haec
392 2721 496 2778 volenti
522 2721 616 2792 legere
642 2720 724 2776 nimis
750 2720 836 2792 longa
859 2718 1066 2776 continuatione

155 2813 312 2878 geumetur,
331 2823 349 2861 a
368 2806 449 2864 dictis
467 2805 586 2861 dicenda
603 2807 658 2862 alio
675 2805 788 2864 exordio
806 2803 1018 2878 distinguamus.

227 2999 253 3062 1)
274 2995 330 3051 Otr.
347 3003 401 3054 c.1
432 3001 463 3050 2:
495 2992 593 3064 ,Quod
610 2998 719 3064 petunt,
736 3009 792 3048 uon
812 2998 844 3049 ut
862 3013 913 3068 per
929 2997 1064 3050 rationem

154 3064 192 3120 ad
211 3064 302 3120 'fidem
327 3035 469 3146 accedant,
496 3063 546 3120 sed
572 3068 603 3118 ut
628 3079 722 3118 eorum
749 3079 821 3135 quae
846 3065 964 3120 credunt
985 3065 1064 3120 intol-

153 3133 228 3190 leeta
245 3140 275 3190 et
291 3133 526 3206 contemplatione
544 3133 741 3190 (1010000001ι
