2636 3806
324 1066 365 1184 s,
391 1012 631 1182 roselli
675 1061 1097 1182 olmemreosls

385 1429 391 1442 s
490 1335 641 1408 mere
675 1332 926 1408 secururs

401 1553 537 1620 OUR
583 1551 773 1661 Deus
820 1549 1025 1617 HOMO.

612 1791 821 1804 ——u———s-

228 1966 240 2016 1
340 1928 378 2014 1.
430 1958 587 2012 Amemus.
611 1958 787 2014 Rationalem
804 1963 932 2012 naturam
949 1973 967 2011 a
984 1957 1045 2012 neo
1064 1957 1169 2012 factam

260 2063 320 2105 esse
342 2047 460 2114 iustam,
485 2048 517 2098 ut
541 2043 590 2098 illo
614 2043 732 2099 fruendo
757 2044 841 2099 beate
858 2046 943 2112 esset,
972 2043 1094 2098 dubitari
1112 2061 1169 2099 non

259 2133 350 2188 debet
385 2129 454 2184 Ideo
480 2145 600 2200 nemque
626 2129 770 2183 rationalis
795 2134 854 2197 est,
879 2132 912 2181 ut
938 2127 1077 2184 discernat
1097 2130 1170 2184 inter

259 2218 363 2272 iustum
381 2221 410 2270 et
426 2213 573 2282 iniustum,
597 2214 670 2270 inter
686 2215 790 2271 bonum
808 2220 836 2269 et
853 2213 971 2284 melum,
990 2214 1063 2269 inter
1079 2215 1170 2270 maius

216 2341 218 2346 ,
259 2301 365 2357 bonum
387 2305 416 2355 et
438 2299 529 2354 minus
554 2300 672 2369 bonum3
703 2301 828 2373 alioquin
859 2299 963 2355 frustra
988 2299 1066 2355 facte
1096 2304 1170 2355 esset

225 2385 409 2442 trationelis.
445 2383 501 2440 Sed
518 2385 595 2440 Deus
616 2403 672 2440 non
695 2385 763 2440 feeit
785 2403 846 2442 sem
869 2386 1032 2440 rationalem
1057 2384 1169 2438 sturme

260 2472 353 2538 Quare
376 2470 412 2524 ad
435 2469 487 2523 hoe
508 2484 568 2524 eam
591 2468 695 2526 saetam
720 2489 781 2527 esse
801 2472 965 2528 rationalem
983 2471 1098 2526 dubium
1113 2486 1170 2524 non

260 2563 311 2614 est.
340 2554 435 2611 'Simili
462 2554 568 2609 ratione
591 2556 742 2626 probatur,
771 2559 837 2630 quia
864 2557 900 2611 ad
925 2557 978 2611 hoe
996 2555 1105 2626 aceepit
1121 2571 1170 2625 po-

259 2648 389 2698 testatem
421 2639 595 2695 diseernendi
622 2647 655 2695 ut
685 2642 789 2697 odisset
816 2649 845 2698 et
877 2641 978 2698 vitaret
1005 2639 1109 2696 melum
1137 2655 1171 2693 ee

260 2737 366 2782 amaret
396 2732 425 2782 et
456 2725 572 2798 eligeret
594 2725 714 2796 bonum,
741 2734 826 2798 atque
847 2728 937 2782 maius
959 2729 1062 2783 bonum
1076 2725 1170 2797 'magis

227 2812 390 2883 3diligeret
418 2817 447 2868 et
473 2813 595 2886 eligeret
642 2810 733 2890 Aliter
759 2831 879 2887 nemque
901 2811 1071 2868 fmstre-illi
1088 2811 1168 2866 Deus

261 2898 383 2953 dedisset
410 2904 576 2968 potestatem
603 2897 681 2952 illam
707 2897 895 2968 discernendi,
923 2897 990 2968 quie
1014 2897 1044 2952 in
1067 2912 1170 2949 vanum

261 2985 445 3053 discerneret,
476 2983 500 3037 si
530 2985 682 3039 seeundum
710 2983 904 3040 discretionem
930 2999 998 3046 non¹
1011 2986 1117 3036 amaret
1142 2983 1172 3034 et

259 3071 367 3126 vitaret.
404 3069 460 3126 Sed
486 3084 542 3122 non
568 3069 710 3137 convenit,
735 3075 768 3123 ut
785 3069 862 3122 Deus
879 3073 986 3123 tentem
1003 3072 1171 3137 potestatem

226 3156 363 3211 lfrustra
382 3155 499 3210 dederit.
533 3155 580 3208 Ad
602 3156 655 3210 hoo
677 3155 772 3225 itaque
796 3152 900 3208 foetam
924 3171 983 3209 esse
1006 3151 1171 3207 rationalem

259 3248 389 3296 naturam
415 3246 521 3296 eertum
545 3245 602 3310 est,
627 3246 659 3295 ut
681 3256 818 3294 summum
841 3237 946 3294 bonum
970 3255 1053 3308 super
1078 3235 1171 3292 omnia

259 3334 366 3381 emeret
402 3333 430 3382 et
463 3327 592 3398 eligeret,
625 3344 682 3381 non
717 3330 831 3395 propter
865 3323 943 3379 aliud
976 3323 1026 3377 sed
1056 3325 1172 3392 propter

258 3409 364 3480 ipsum3
393 3408 417 3462 si
447 3411 520 3465 enim
548 3416 662 3482 propter
689 3408 791 3476 eliud,¹
810 3426 867 3464 non
897 3408 988 3478 ipsum
1013 3407 1062 3462 sed
1092 3404 1171 3462 aliud
1259 3451 1262 3457 Δ
1300 3425 1301 3436 ’
