<?xml version="1.0" encoding="UTF-8"?>
<!DOCTYPE html PUBLIC "-//W3C//DTD XHTML 1.0 Transitional//EN"
    "http://www.w3.org/TR/xhtml1/DTD/xhtml1-transitional.dtd">
<html xmlns="http://www.w3.org/1999/xhtml" xml:lang="en" lang="en">
 <head>
  <title>
</title>
<meta http-equiv="Content-Type" content="text/html;charset=utf-8" />
  <meta name='ocr-system' content='tesseract 3.04.00' />
  <meta name='ocr-capabilities' content='ocr_page ocr_carea ocr_par ocr_line ocrx_word'/>
</head>
<body>
  <div class='ocr_page' id='page_1' title='image "./sanselmicantuar01laemgoog_0041.png"; bbox 0 0 2636 3806; ppageno 0'>
   <div class='ocr_carea' id='block_1_1' title="bbox 248 267 982 340">
    <p class='ocr_par' dir='ltr' id='par_1_1' title="bbox 248 267 982 340">
     <span class='ocr_line' id='line_1_1' title="bbox 248 267 982 340; baseline 0 -12"><span class='ocrx_word' id='word_1_1' title='bbox 248 274 290 340; x_wconf 89' lang='grc'><strong>16</strong></span> <span class='ocrx_word' id='word_1_2' title='bbox 435 271 462 328; x_wconf 84' lang='lat' dir='ltr'><strong>S.</strong></span> <span class='ocrx_word' id='word_1_3' title='bbox 479 267 651 328; x_wconf 66' lang='lat' dir='ltr'><strong>Ansam</strong></span> <span class='ocrx_word' id='word_1_4' title='bbox 669 267 982 330; x_wconf 70' lang='lat' dir='ltr'><strong>cAN‘mARmNffls</strong></span> 
     </span>
    </p>
   </div>
   <div class='ocr_carea' id='block_1_2' title="bbox 112 439 1166 3070">
    <p class='ocr_par' dir='ltr' id='par_1_2' title="bbox 198 439 1166 768">
     <span class='ocr_line' id='line_1_2' title="bbox 198 439 1159 514; baseline -0.001 -16"><span class='ocrx_word' id='word_1_5' title='bbox 198 447 231 500; x_wconf 79' lang='lat'><strong>19</strong></span> <span class='ocrx_word' id='word_1_6' title='bbox 248 439 372 498; x_wconf 79' lang='lat' dir='ltr'><strong>decrevit</strong></span> <span class='ocrx_word' id='word_1_7' title='bbox 392 439 493 498; x_wconf 78' lang='lat' dir='ltr'><strong>facero.</strong></span> <span class='ocrx_word' id='word_1_8' title='bbox 527 441 626 497; x_wconf 82' lang='lat' dir='ltr'><strong>Potest</strong></span> <span class='ocrx_word' id='word_1_9' title='bbox 648 443 702 496; x_wconf 88' lang='lat' dir='ltr'><strong>hoo</strong></span> <span class='ocrx_word' id='word_1_10' title='bbox 727 446 756 496; x_wconf 89' lang='lat' dir='ltr'><strong>et</strong></span> <span class='ocrx_word' id='word_1_11' title='bbox 777 457 810 496; x_wconf 86' lang='lat' dir='ltr'><strong>eo</strong></span> <span class='ocrx_word' id='word_1_12' title='bbox 835 441 919 496; x_wconf 86' lang='lat' dir='ltr'><strong>modo</strong></span> <span class='ocrx_word' id='word_1_13' title='bbox 943 439 1075 514; x_wconf 80' lang='lat' dir='ltr'><strong>intelligi,</strong></span> <span class='ocrx_word' id='word_1_14' title='bbox 1100 457 1159 513; x_wconf 83' lang='lat' dir='ltr'><strong>quo</strong></span> 
     </span>
     <span class='ocr_line' id='line_1_3' title="bbox 246 524 1158 598; baseline 0 -16"><span class='ocrx_word' id='word_1_15' title='bbox 246 527 322 582; x_wconf 88' lang='lat' dir='ltr'><strong>idom</strong></span> <span class='ocrx_word' id='word_1_16' title='bbox 351 525 488 582; x_wconf 78' lang='lat' dir='ltr'><strong>Dominus</strong></span> <span class='ocrx_word' id='word_1_17' title='bbox 513 524 644 598; x_wconf 62' lang='lat' dir='ltr'><strong>legitufl)</strong></span> <span class='ocrx_word' id='word_1_18' title='bbox 670 526 820 597; x_wconf 74' lang='lat' dir='ltr'><strong>profecisse</strong></span> <span class='ocrx_word' id='word_1_19' title='bbox 844 525 983 598; x_wconf 73' lang='lat' dir='ltr'><strong>sapientia</strong></span> <span class='ocrx_word' id='word_1_20' title='bbox 1011 532 1039 582; x_wconf 82' lang='lat' dir='ltr'><strong>st</strong></span> <span class='ocrx_word' id='word_1_21' title='bbox 1063 525 1158 598; x_wconf 79' lang='lat' dir='ltr'><strong>gratia</strong></span> 
     </span>
     <span class='ocr_line' id='line_1_4' title="bbox 246 610 1166 683; baseline 0.003 -18"><span class='ocrx_word' id='word_1_22' title='bbox 246 611 323 682; x_wconf 85' lang='lat' dir='ltr'><strong>apud</strong></span> <span class='ocrx_word' id='word_1_23' title='bbox 342 611 448 678; x_wconf 87' lang='lat' dir='ltr'><strong>Deum,</strong></span> <span class='ocrx_word' id='word_1_24' title='bbox 472 628 529 665; x_wconf 89' lang='lat' dir='ltr'><strong>non</strong></span> <span class='ocrx_word' id='word_1_25' title='bbox 548 611 616 681; x_wconf 86' lang='lat' dir='ltr'><strong>quia</strong></span> <span class='ocrx_word' id='word_1_26' title='bbox 632 610 673 666; x_wconf 90' lang='lat' dir='ltr'><strong>ita</strong></span> <span class='ocrx_word' id='word_1_27' title='bbox 691 617 763 677; x_wconf 81' lang='lat' dir='ltr'><strong>erat,</strong></span> <span class='ocrx_word' id='word_1_28' title='bbox 787 612 837 667; x_wconf 87' lang='lat' dir='ltr'><strong>sed</strong></span> <span class='ocrx_word' id='word_1_29' title='bbox 855 611 921 683; x_wconf 88' lang='lat' dir='ltr'><strong>quia</strong></span> <span class='ocrx_word' id='word_1_30' title='bbox 937 612 1043 668; x_wconf 81' lang='lat' dir='ltr'><strong>illasio</strong></span> <span class='ocrx_word' id='word_1_31' title='bbox 1060 629 1091 668; x_wconf 88' lang='lat' dir='ltr'><strong>se</strong></span> <span class='ocrx_word' id='word_1_32' title='bbox 1108 612 1166 668; x_wconf 78' lang='lat' dir='ltr'><strong>ho·-</strong></span> 
     </span>
     <span class='ocr_line' id='line_1_5' title="bbox 245 694 1156 768; baseline 0 -16"><span class='ocrx_word' id='word_1_33' title='bbox 245 694 346 765; x_wconf 83' lang='lat' dir='ltr'><strong>bobat,</strong></span> <span class='ocrx_word' id='word_1_34' title='bbox 374 713 408 752; x_wconf 84' lang='lat' dir='ltr'><strong>oo</strong></span> <span class='ocrx_word' id='word_1_35' title='bbox 427 697 452 750; x_wconf 86' lang='lat' dir='ltr'><strong>si</strong></span> <span class='ocrx_word' id='word_1_36' title='bbox 470 696 511 751; x_wconf 82' lang='lat' dir='ltr'><strong>ito</strong></span> <span class='ocrx_word' id='word_1_37' title='bbox 528 700 611 753; x_wconf 82' lang='lat' dir='ltr'><strong>esset.</strong></span> <span class='ocrx_word' id='word_1_38' title='bbox 647 697 721 753; x_wconf 86' lang='lat' dir='ltr'><strong>Nam</strong></span> <span class='ocrx_word' id='word_1_39' title='bbox 740 697 780 753; x_wconf 88' lang='lat' dir='ltr'><strong>sio</strong></span> <span class='ocrx_word' id='word_1_40' title='bbox 799 702 997 768; x_wconf 84' lang='lat' dir='ltr'><strong>postmortem</strong></span> <span class='ocrx_word' id='word_1_41' title='bbox 1016 697 1156 753; x_wconf 77' lang='lat' dir='ltr'><strong>exaltatos</strong></span> 
     </span>
    </p>

    <p class='ocr_par' dir='ltr' id='par_1_3' title="bbox 195 780 1156 1279">
     <span class='ocr_line' id='line_1_6' title="bbox 195 780 1156 855; baseline -0.003 -14"><span class='ocrx_word' id='word_1_42' title='bbox 195 791 230 842; x_wconf 81' lang='lat'><strong>20</strong></span> <span class='ocrx_word' id='word_1_43' title='bbox 246 788 301 852; x_wconf 80' lang='lat' dir='ltr'><strong>ost,</strong></span> <span class='ocrx_word' id='word_1_44' title='bbox 328 781 409 855; x_wconf 83' lang='lat' dir='ltr'><strong>quasi</strong></span> <span class='ocrx_word' id='word_1_45' title='bbox 434 786 548 851; x_wconf 82' lang='lat' dir='ltr'><strong>propter</strong></span> <span class='ocrx_word' id='word_1_46' title='bbox 571 780 649 836; x_wconf 88' lang='lat' dir='ltr'><strong>illam</strong></span> <span class='ocrx_word' id='word_1_47' title='bbox 671 782 724 838; x_wconf 86' lang='lat' dir='ltr'><strong>hoo</strong></span> <span class='ocrx_word' id='word_1_48' title='bbox 747 781 834 838; x_wconf 87' lang='lat' dir='ltr'><strong>fieret.</strong></span> <span class='ocrx_word' id='word_1_49' title='bbox 873 783 955 848; x_wconf 81' lang='lat' dir='ltr'><strong>Quod</strong></span> <span class='ocrx_word' id='word_1_50' title='bbox 979 789 1072 838; x_wconf 82' lang='lat' dir='ltr'><strong>autem</strong></span> <span class='ocrx_word' id='word_1_51' title='bbox 1093 783 1156 854; x_wconf 85' lang='lat' dir='ltr'><strong>ipse</strong></span> 
     </span>
     <span class='ocr_line' id='line_1_7' title="bbox 245 866 1155 937; baseline -0.003 -14"><span class='ocrx_word' id='word_1_52' title='bbox 245 867 299 923; x_wconf 83' lang='lat' dir='ltr'><strong>ait:</strong></span> <span class='ocrx_word' id='word_1_53' title='bbox 323 869 390 921; x_wconf 80' lang='lat' dir='ltr'><strong>Noa</strong></span> <span class='ocrx_word' id='word_1_54' title='bbox 414 866 477 920; x_wconf 76' lang='lat' dir='ltr'><strong>oeni</strong></span> <span class='ocrx_word' id='word_1_55' title='bbox 497 867 668 921; x_wconf 73' lang='lat' dir='ltr'><strong>voluntatem</strong></span> <span class='ocrx_word' id='word_1_56' title='bbox 691 885 782 922; x_wconf 83' lang='lat' dir='ltr'><strong>meam</strong></span> <span class='ocrx_word' id='word_1_57' title='bbox 797 869 916 937; x_wconf 80' lang='lat' dir='ltr'><strong>socero,</strong></span> <span class='ocrx_word' id='word_1_58' title='bbox 941 869 994 921; x_wconf 80' lang='lat' dir='ltr'><strong>sod</strong></span> <span class='ocrx_word' id='word_1_59' title='bbox 1008 868 1083 937; x_wconf 52' lang='lat' dir='ltr'><strong>aas,</strong></span> <span class='ocrx_word' id='word_1_60' title='bbox 1103 882 1155 936; x_wconf 74' lang='lat' dir='ltr'><strong>osta</strong></span> 
     </span>
     <span class='ocr_line' id='line_1_8' title="bbox 245 951 1155 1024; baseline 0 -18"><span class='ocrx_word' id='word_1_61' title='bbox 245 953 322 1007; x_wconf 79' lang='lat' dir='ltr'><strong>misit</strong></span> <span class='ocrx_word' id='word_1_62' title='bbox 337 955 422 1017; x_wconf 79' lang='lat' dir='ltr'><strong>mo,²)</strong></span> <span class='ocrx_word' id='word_1_63' title='bbox 449 951 507 1006; x_wconf 77' lang='lat' dir='ltr'><strong>tale</strong></span> <span class='ocrx_word' id='word_1_64' title='bbox 531 957 585 1021; x_wconf 85' lang='lat' dir='ltr'><strong>est,</strong></span> <span class='ocrx_word' id='word_1_65' title='bbox 613 953 696 1024; x_wconf 87' lang='lat' dir='ltr'><strong>quale</strong></span> <span class='ocrx_word' id='word_1_66' title='bbox 714 957 757 1008; x_wconf 79' lang='lat' dir='ltr'><strong>est</strong></span> <span class='ocrx_word' id='word_1_67' title='bbox 776 959 804 1008; x_wconf 89' lang='lat' dir='ltr'><strong>et</strong></span> <span class='ocrx_word' id='word_1_68' title='bbox 820 951 903 1007; x_wconf 79' lang='lat' dir='ltr'><strong>illud:</strong></span> <span class='ocrx_word' id='word_1_69' title='bbox 930 953 1001 1006; x_wconf 84' lang='lat' dir='ltr'><strong>Meo</strong></span> <span class='ocrx_word' id='word_1_70' title='bbox 1020 952 1155 1006; x_wconf 73' lang='lat' dir='ltr'><strong>doctrina</strong></span> 
     </span>
     <span class='ocr_line' id='line_1_9' title="bbox 245 1037 1155 1112; baseline 0 -20"><span class='ocrx_word' id='word_1_71' title='bbox 245 1056 302 1092; x_wconf 79' lang='lat' dir='ltr'><strong>ooo</strong></span> <span class='ocrx_word' id='word_1_72' title='bbox 326 1046 365 1092; x_wconf 80' lang='lat' dir='ltr'><strong>est</strong></span> <span class='ocrx_word' id='word_1_73' title='bbox 386 1040 494 1104; x_wconf 54' lang='lat' dir='ltr'><strong>meent)</strong></span> <span class='ocrx_word' id='word_1_74' title='bbox 520 1053 588 1091; x_wconf 88' lang='lat' dir='ltr'><strong>nam</strong></span> <span class='ocrx_word' id='word_1_75' title='bbox 609 1037 684 1108; x_wconf 86' lang='lat' dir='ltr'><strong>quod</strong></span> <span class='ocrx_word' id='word_1_76' title='bbox 707 1037 769 1108; x_wconf 88' lang='lat' dir='ltr'><strong>quis</strong></span> <span class='ocrx_word' id='word_1_77' title='bbox 794 1055 851 1093; x_wconf 92' lang='lat' dir='ltr'><strong>non</strong></span> <span class='ocrx_word' id='word_1_78' title='bbox 874 1037 960 1093; x_wconf 83' lang='lat' dir='ltr'><strong>habet</strong></span> <span class='ocrx_word' id='word_1_79' title='bbox 984 1054 1047 1112; x_wconf 79' lang='lat' dir='ltr'><strong>aso</strong></span> <span class='ocrx_word' id='word_1_80' title='bbox 1068 1038 1118 1093; x_wconf 84' lang='lat' dir='ltr'><strong>sad</strong></span> <span class='ocrx_word' id='word_1_81' title='bbox 1135 1053 1155 1092; x_wconf 86' lang='lat' dir='ltr'><strong>a</strong></span> 
     </span>
     <span class='ocr_line' id='line_1_10' title="bbox 244 1121 1153 1194; baseline 0 -17"><span class='ocrx_word' id='word_1_82' title='bbox 244 1122 320 1191; x_wconf 86' lang='lat' dir='ltr'><strong>Deo,</strong></span> <span class='ocrx_word' id='word_1_83' title='bbox 343 1122 400 1178; x_wconf 92' lang='lat' dir='ltr'><strong>hoo</strong></span> <span class='ocrx_word' id='word_1_84' title='bbox 419 1138 477 1176; x_wconf 85' lang='lat' dir='ltr'><strong>non</strong></span> <span class='ocrx_word' id='word_1_85' title='bbox 492 1127 551 1176; x_wconf 81' lang='lat' dir='ltr'><strong>tam</strong></span> <span class='ocrx_word' id='word_1_86' title='bbox 570 1139 650 1176; x_wconf 82' lang='lat' dir='ltr'><strong>suum</strong></span> <span class='ocrx_word' id='word_1_87' title='bbox 669 1139 753 1194; x_wconf 87' lang='lat' dir='ltr'><strong>quam</strong></span> <span class='ocrx_word' id='word_1_88' title='bbox 771 1122 827 1177; x_wconf 84' lang='lat' dir='ltr'><strong>Dei</strong></span> <span class='ocrx_word' id='word_1_89' title='bbox 844 1122 936 1178; x_wconf 80' lang='lat' dir='ltr'><strong>disere</strong></span> <span class='ocrx_word' id='word_1_90' title='bbox 956 1121 1048 1178; x_wconf 86' lang='lat' dir='ltr'><strong>debet.</strong></span> <span class='ocrx_word' id='word_1_91' title='bbox 1083 1121 1153 1179; x_wconf 77' lang='lat' dir='ltr'><strong>Nol-</strong></span> 
     </span>
     <span class='ocr_line' id='line_1_11' title="bbox 245 1206 1153 1279; baseline 0 -17"><span class='ocrx_word' id='word_1_92' title='bbox 245 1206 289 1262; x_wconf 83' lang='lat' dir='ltr'><strong>los</strong></span> <span class='ocrx_word' id='word_1_93' title='bbox 305 1223 371 1266; x_wconf 82' lang='lat' dir='ltr'><strong>vero</strong></span> <span class='ocrx_word' id='word_1_94' title='bbox 394 1207 478 1262; x_wconf 91' lang='lat' dir='ltr'><strong>homo</strong></span> <span class='ocrx_word' id='word_1_95' title='bbox 503 1221 521 1261; x_wconf 90' lang='lat' dir='ltr'><strong>a</strong></span> <span class='ocrx_word' id='word_1_96' title='bbox 544 1206 681 1263; x_wconf 83' lang='lat' dir='ltr'><strong>sehabet</strong></span> <span class='ocrx_word' id='word_1_97' title='bbox 702 1208 848 1264; x_wconf 73' lang='lat' dir='ltr'><strong>solitatem</strong></span> <span class='ocrx_word' id='word_1_98' title='bbox 874 1224 958 1279; x_wconf 81' lang='lat' dir='ltr'><strong>quam</strong></span> <span class='ocrx_word' id='word_1_99' title='bbox 980 1208 1074 1279; x_wconf 75' lang='lat' dir='ltr'><strong>dotet,</strong></span> <span class='ocrx_word' id='word_1_100' title='bbox 1103 1213 1153 1263; x_wconf 81' lang='lat' dir='ltr'><strong>aut</strong></span> 
     </span>
    </p>

    <p class='ocr_par' dir='ltr' id='par_1_4' title="bbox 192 1291 1154 1536">
     <span class='ocr_line' id='line_1_12' title="bbox 192 1291 1154 1365; baseline 0.001 -17"><span class='ocrx_word' id='word_1_101' title='bbox 192 1298 224 1348; x_wconf 80' lang='lat'><strong>21</strong></span> <span class='ocrx_word' id='word_1_102' title='bbox 244 1291 347 1348; x_wconf 81' lang='lat' dir='ltr'><strong>iustam</strong></span> <span class='ocrx_word' id='word_1_103' title='bbox 372 1292 556 1364; x_wconf 82' lang='lat' dir='ltr'><strong>voluntatem,</strong></span> <span class='ocrx_word' id='word_1_104' title='bbox 585 1295 635 1350; x_wconf 85' lang='lat' dir='ltr'><strong>sed</strong></span> <span class='ocrx_word' id='word_1_105' title='bbox 657 1311 676 1348; x_wconf 89' lang='lat' dir='ltr'><strong>a</strong></span> <span class='ocrx_word' id='word_1_106' title='bbox 695 1293 764 1349; x_wconf 88' lang='lat' dir='ltr'><strong>Deo.</strong></span> <span class='ocrx_word' id='word_1_107' title='bbox 798 1293 864 1349; x_wconf 86' lang='lat' dir='ltr'><strong>Non</strong></span> <span class='ocrx_word' id='word_1_108' title='bbox 887 1310 953 1365; x_wconf 82' lang='lat' dir='ltr'><strong>ergo</strong></span> <span class='ocrx_word' id='word_1_109' title='bbox 978 1294 1054 1349; x_wconf 83' lang='lat' dir='ltr'><strong>venit</strong></span> <span class='ocrx_word' id='word_1_110' title='bbox 1073 1293 1154 1349; x_wconf 79' lang='lat' dir='ltr'><strong>chri-</strong></span> 
     </span>
     <span class='ocr_line' id='line_1_13' title="bbox 244 1377 1152 1450; baseline 0 -18"><span class='ocrx_word' id='word_1_111' title='bbox 244 1382 303 1432; x_wconf 86' lang='lat' dir='ltr'><strong>stus</strong></span> <span class='ocrx_word' id='word_1_112' title='bbox 321 1377 492 1436; x_wconf 84' lang='lat' dir='ltr'><strong>voluntatem</strong></span> <span class='ocrx_word' id='word_1_113' title='bbox 511 1394 591 1433; x_wconf 86' lang='lat' dir='ltr'><strong>suam</strong></span> <span class='ocrx_word' id='word_1_114' title='bbox 613 1379 705 1435; x_wconf 77' lang='lat' dir='ltr'><strong>faeere</strong></span> <span class='ocrx_word' id='word_1_115' title='bbox 724 1378 900 1449; x_wconf 77' lang='lat' dir='ltr'><strong>sodPat1is3</strong></span> <span class='ocrx_word' id='word_1_116' title='bbox 927 1379 994 1450; x_wconf 89' lang='lat' dir='ltr'><strong>quia</strong></span> <span class='ocrx_word' id='word_1_117' title='bbox 1013 1379 1088 1434; x_wconf 81' lang='lat' dir='ltr'><strong>iusta</strong></span> <span class='ocrx_word' id='word_1_118' title='bbox 1102 1395 1152 1432; x_wconf 82' lang='lat' dir='ltr'><strong>vo-</strong></span> 
     </span>
     <span class='ocr_line' id='line_1_14' title="bbox 242 1463 1153 1536; baseline 0.003 -19"><span class='ocrx_word' id='word_1_119' title='bbox 242 1463 336 1519; x_wconf 82' lang='lat' dir='ltr'><strong>luntas</strong></span> <span class='ocrx_word' id='word_1_120' title='bbox 361 1481 444 1536; x_wconf 85' lang='lat' dir='ltr'><strong>quam</strong></span> <span class='ocrx_word' id='word_1_121' title='bbox 470 1463 608 1528; x_wconf 82' lang='lat' dir='ltr'><strong>habebat,</strong></span> <span class='ocrx_word' id='word_1_122' title='bbox 633 1482 690 1519; x_wconf 88' lang='lat' dir='ltr'><strong>non</strong></span> <span class='ocrx_word' id='word_1_123' title='bbox 712 1470 771 1520; x_wconf 81' lang='lat' dir='ltr'><strong>ortt</strong></span> <span class='ocrx_word' id='word_1_124' title='bbox 793 1482 827 1520; x_wconf 83' lang='lat' dir='ltr'><strong>ex</strong></span> <span class='ocrx_word' id='word_1_125' title='bbox 849 1463 1022 1520; x_wconf 72' lang='lat' dir='ltr'><strong>humanitate</strong></span> <span class='ocrx_word' id='word_1_126' title='bbox 1045 1465 1153 1520; x_wconf 85' lang='lat' dir='ltr'><strong>sodex</strong></span> 
     </span>
    </p>

    <p class='ocr_par' dir='ltr' id='par_1_5' title="bbox 191 1547 1152 1789">
     <span class='ocr_line' id='line_1_15' title="bbox 191 1547 1152 1620; baseline -0.001 -16"><span class='ocrx_word' id='word_1_127' title='bbox 191 1554 225 1606; x_wconf 80' lang='lat'><strong>22</strong></span> <span class='ocrx_word' id='word_1_128' title='bbox 243 1547 396 1602; x_wconf 82' lang='lat' dir='ltr'><strong>divinitate.</strong></span> <span class='ocrx_word' id='word_1_129' title='bbox 428 1549 555 1618; x_wconf 77' lang='lat' dir='ltr'><strong>Propra&#39;o</strong></span> <span class='ocrx_word' id='word_1_130' title='bbox 570 1558 663 1603; x_wconf 76' lang='lat' dir='ltr'><strong>autom</strong></span> <span class='ocrx_word' id='word_1_131' title='bbox 682 1549 761 1604; x_wconf 77' lang='lat' dir='ltr'><strong>Filio</strong></span> <span class='ocrx_word' id='word_1_132' title='bbox 777 1565 828 1602; x_wconf 84' lang='lat' dir='ltr'><strong>sao</strong></span> <span class='ocrx_word' id='word_1_133' title='bbox 846 1567 903 1602; x_wconf 76' lang='lat' dir='ltr'><strong>oon</strong></span> <span class='ocrx_word' id='word_1_134' title='bbox 916 1550 1044 1620; x_wconf 75' lang='lat' dir='ltr'><strong>pepercit</strong></span> <span class='ocrx_word' id='word_1_135' title='bbox 1061 1551 1152 1614; x_wconf 68' lang='lat' dir='ltr'><strong>Deus,</strong></span> 
     </span>
     <span class='ocr_line' id='line_1_16' title="bbox 242 1631 1151 1702; baseline -0.001 -16"><span class='ocrx_word' id='word_1_136' title='bbox 242 1635 295 1686; x_wconf 77' lang='lat' dir='ltr'><strong>sod</strong></span> <span class='ocrx_word' id='word_1_137' title='bbox 306 1649 362 1701; x_wconf 81' lang='lat' dir='ltr'><strong>pro</strong></span> <span class='ocrx_word' id='word_1_138' title='bbox 380 1635 461 1687; x_wconf 80' lang='lat' dir='ltr'><strong>aoba&#39;o</strong></span> <span class='ocrx_word' id='word_1_139' title='bbox 480 1635 604 1687; x_wconf 74' lang='lat' dir='ltr'><strong>omoitsoe</strong></span> <span class='ocrx_word' id='word_1_140' title='bbox 628 1633 752 1687; x_wconf 67' lang='lat' dir='ltr'><strong>aedidit</strong></span> <span class='ocrx_word' id='word_1_141' title='bbox 775 1633 901 1702; x_wconf 55' lang='lat' dir='ltr'><strong>olimst)</strong></span> <span class='ocrx_word' id='word_1_142' title='bbox 925 1647 983 1688; x_wconf 82' lang='lat' dir='ltr'><strong>non</strong></span> <span class='ocrx_word' id='word_1_143' title='bbox 1006 1639 1049 1688; x_wconf 79' lang='lat' dir='ltr'><strong>est</strong></span> <span class='ocrx_word' id='word_1_144' title='bbox 1073 1631 1151 1686; x_wconf 80' lang='lat' dir='ltr'><strong>aliud</strong></span> 
     </span>
     <span class='ocr_line' id='line_1_17' title="bbox 243 1716 1151 1789; baseline 0.004 -19"><span class='ocrx_word' id='word_1_145' title='bbox 243 1733 335 1788; x_wconf 84' lang='lat' dir='ltr'><strong>quom,</strong></span> <span class='ocrx_word' id='word_1_146' title='bbox 352 1733 409 1772; x_wconf 86' lang='lat' dir='ltr'><strong>non</strong></span> <span class='ocrx_word' id='word_1_147' title='bbox 428 1717 558 1773; x_wconf 81' lang='lat' dir='ltr'><strong>liberavit</strong></span> <span class='ocrx_word' id='word_1_148' title='bbox 574 1718 662 1773; x_wconf 86' lang='lat' dir='ltr'><strong>illum.</strong></span> <span class='ocrx_word' id='word_1_149' title='bbox 690 1716 762 1773; x_wconf 82' lang='lat' dir='ltr'><strong>Nam</strong></span> <span class='ocrx_word' id='word_1_150' title='bbox 778 1717 868 1772; x_wconf 81' lang='lat' dir='ltr'><strong>multa</strong></span> <span class='ocrx_word' id='word_1_151' title='bbox 879 1719 910 1773; x_wconf 89' lang='lat' dir='ltr'><strong>in</strong></span> <span class='ocrx_word' id='word_1_152' title='bbox 921 1735 999 1774; x_wconf 81' lang='lat' dir='ltr'><strong>saera</strong></span> <span class='ocrx_word' id='word_1_153' title='bbox 1012 1718 1151 1789; x_wconf 75' lang='lat' dir='ltr'><strong>seriptum</strong></span> 
     </span>
    </p>

    <p class='ocr_par' dir='ltr' id='par_1_6' title="bbox 191 1801 1152 2219">
     <span class='ocr_line' id='line_1_18' title="bbox 191 1801 1151 1873; baseline 0.003 -20"><span class='ocrx_word' id='word_1_154' title='bbox 191 1801 226 1854; x_wconf 44' lang='lat'><strong>23*</strong></span> <span class='ocrx_word' id='word_1_155' title='bbox 241 1801 399 1857; x_wconf 86' lang='lat' dir='ltr'><strong>huiusmodi</strong></span> <span class='ocrx_word' id='word_1_156' title='bbox 431 1802 617 1860; x_wconf 78' lang='lat' dir='ltr'><strong>inveniuntur.</strong></span> <span class='ocrx_word' id='word_1_157' title='bbox 661 1803 720 1860; x_wconf 89' lang='lat' dir='ltr'><strong>Ubi</strong></span> <span class='ocrx_word' id='word_1_158' title='bbox 753 1809 845 1858; x_wconf 82' lang='lat' dir='ltr'><strong>autem</strong></span> <span class='ocrx_word' id='word_1_159' title='bbox 877 1803 959 1858; x_wconf 83' lang='lat' dir='ltr'><strong>dicit:</strong></span> <span class='ocrx_word' id='word_1_160' title='bbox 990 1805 1093 1873; x_wconf 81' lang='lat' dir='ltr'><strong>Pater,</strong></span> <span class='ocrx_word' id='word_1_161' title='bbox 1123 1804 1151 1856; x_wconf 79' lang='lat' dir='ltr'><strong>ot</strong></span> 
     </span>
     <span class='ocr_line' id='line_1_19' title="bbox 238 1887 1152 1958; baseline 0.005 -18"><span class='ocrx_word' id='word_1_162' title='bbox 238 1887 376 1957; x_wconf 77' lang='lat' dir='ltr'><strong>possibile</strong></span> <span class='ocrx_word' id='word_1_163' title='bbox 394 1895 441 1957; x_wconf 75' lang='lat' dir='ltr'><strong>ost,</strong></span> <span class='ocrx_word' id='word_1_164' title='bbox 459 1895 585 1943; x_wconf 55' lang='lat' dir='ltr'><strong>tanseat</strong></span> <span class='ocrx_word' id='word_1_165' title='bbox 604 1907 623 1943; x_wconf 85' lang='lat' dir='ltr'><strong>a</strong></span> <span class='ocrx_word' id='word_1_166' title='bbox 641 1906 684 1943; x_wconf 79' lang='lat' dir='ltr'><strong>mo</strong></span> <span class='ocrx_word' id='word_1_167' title='bbox 703 1889 779 1943; x_wconf 72' lang='lat' dir='ltr'><strong>colico</strong></span> <span class='ocrx_word' id='word_1_168' title='bbox 796 1889 866 1958; x_wconf 48' lang='lat' dir='ltr'><strong>ista·</strong></span> <span class='ocrx_word' id='word_1_169' title='bbox 888 1898 1078 1944; x_wconf 72' lang='lat' dir='ltr'><strong><em>verumtamen</em></strong></span> <span class='ocrx_word' id='word_1_170' title='bbox 1093 1907 1152 1946; x_wconf 75' lang='lat' dir='ltr'><strong>ooo</strong></span> 
     </span>
     <span class='ocr_line' id='line_1_20' title="bbox 240 1972 1148 2046; baseline 0.002 -20"><span class='ocrx_word' id='word_1_171' title='bbox 240 1974 313 2027; x_wconf 66' lang='lat' dir='ltr'><strong>eima</strong></span> <span class='ocrx_word' id='word_1_172' title='bbox 340 1990 389 2042; x_wconf 75' lang='lat' dir='ltr'><strong>eqo</strong></span> <span class='ocrx_word' id='word_1_173' title='bbox 411 1973 490 2041; x_wconf 83' lang='lat' dir='ltr'><strong>eolo,</strong></span> <span class='ocrx_word' id='word_1_174' title='bbox 514 1976 566 2028; x_wconf 81' lang='lat' dir='ltr'><strong>sod</strong></span> <span class='ocrx_word' id='word_1_175' title='bbox 587 1975 659 2029; x_wconf 79' lang='lat' dir='ltr'><strong>siout</strong></span> <span class='ocrx_word' id='word_1_176' title='bbox 683 1972 760 2045; x_wconf 59' lang='lat' dir='ltr'><strong>toa-⁵)</strong></span> <span class='ocrx_word' id='word_1_177' title='bbox 791 1977 831 2029; x_wconf 86' lang='lat' dir='ltr'><strong>et:</strong></span> <span class='ocrx_word' id='word_1_178' title='bbox 859 1975 964 2030; x_wconf 78' lang='lat' dir='ltr'><strong>sinon</strong></span> <span class='ocrx_word' id='word_1_179' title='bbox 988 1984 1077 2046; x_wconf 71' lang='lat' dir='ltr'><strong>potest</strong></span> <span class='ocrx_word' id='word_1_180' title='bbox 1101 1976 1148 2029; x_wconf 75' lang='lat' dir='ltr'><strong>tie</strong></span> 
     </span>
     <span class='ocr_line' id='line_1_21' title="bbox 241 2059 1148 2129; baseline 0 -15"><span class='ocrx_word' id='word_1_181' title='bbox 241 2059 318 2114; x_wconf 71' lang='lat' dir='ltr'><strong>calio</strong></span> <span class='ocrx_word' id='word_1_182' title='bbox 346 2061 484 2125; x_wconf 61' lang='lat' dir='ltr'><strong>haustro,</strong></span> <span class='ocrx_word' id='word_1_183' title='bbox 510 2061 569 2114; x_wconf 72' lang='lat' dir='ltr'><strong>nist</strong></span> <span class='ocrx_word' id='word_1_184' title='bbox 594 2061 686 2114; x_wconf 72' lang='lat' dir='ltr'><strong>Mbam</strong></span> <span class='ocrx_word' id='word_1_185' title='bbox 710 2060 807 2128; x_wconf 79' lang='lat' dir='ltr'><strong>illum,</strong></span> <span class='ocrx_word' id='word_1_186' title='bbox 827 2061 885 2127; x_wconf 82' lang='lat' dir='ltr'><strong>fiat</strong></span> <span class='ocrx_word' id='word_1_187' title='bbox 901 2063 1034 2116; x_wconf 67' lang='lat' dir='ltr'><strong>voluntas</strong></span> <span class='ocrx_word' id='word_1_188' title='bbox 1052 2062 1148 2129; x_wconf 53' lang='lat' dir='ltr'><strong>aad)</strong></span> 
     </span>
     <span class='ocr_line' id='line_1_22' title="bbox 240 2145 1149 2219; baseline 0.004 -21"><span class='ocrx_word' id='word_1_189' title='bbox 240 2145 396 2200; x_wconf 78' lang='lat' dir='ltr'><strong>natusalem</strong></span> <span class='ocrx_word' id='word_1_190' title='bbox 415 2145 513 2200; x_wconf 81' lang='lat' dir='ltr'><strong>salutis</strong></span> <span class='ocrx_word' id='word_1_191' title='bbox 536 2161 588 2216; x_wconf 85' lang='lat' dir='ltr'><strong>per</strong></span> <span class='ocrx_word' id='word_1_192' title='bbox 607 2146 779 2202; x_wconf 79' lang='lat' dir='ltr'><strong>voluntatem</strong></span> <span class='ocrx_word' id='word_1_193' title='bbox 802 2162 882 2200; x_wconf 87' lang='lat' dir='ltr'><strong>suam</strong></span> <span class='ocrx_word' id='word_1_194' title='bbox 907 2145 1047 2219; x_wconf 79' lang='lat' dir='ltr'><strong>signifieat</strong></span> <span class='ocrx_word' id='word_1_195' title='bbox 1063 2163 1149 2218; x_wconf 83' lang='lat' dir='ltr'><strong>appe·</strong></span> 
     </span>
    </p>

    <p class='ocr_par' dir='ltr' id='par_1_7' title="bbox 189 2229 1150 2474">
     <span class='ocr_line' id='line_1_23' title="bbox 189 2229 1149 2304; baseline 0.004 -21"><span class='ocrx_word' id='word_1_196' title='bbox 189 2232 224 2284; x_wconf 81' lang='lat'><strong>24</strong></span> <span class='ocrx_word' id='word_1_197' title='bbox 240 2229 338 2299; x_wconf 87' lang='lat' dir='ltr'><strong>titum,</strong></span> <span class='ocrx_word' id='word_1_198' title='bbox 366 2247 421 2301; x_wconf 89' lang='lat' dir='ltr'><strong>quo</strong></span> <span class='ocrx_word' id='word_1_199' title='bbox 443 2231 566 2285; x_wconf 81' lang='lat' dir='ltr'><strong>humana</strong></span> <span class='ocrx_word' id='word_1_200' title='bbox 584 2246 650 2284; x_wconf 84' lang='lat' dir='ltr'><strong>earo</strong></span> <span class='ocrx_word' id='word_1_201' title='bbox 667 2229 791 2287; x_wconf 80' lang='lat' dir='ltr'><strong>dolorem</strong></span> <span class='ocrx_word' id='word_1_202' title='bbox 810 2231 906 2288; x_wconf 84' lang='lat' dir='ltr'><strong>mortis</strong></span> <span class='ocrx_word' id='word_1_203' title='bbox 922 2231 1057 2304; x_wconf 81' lang='lat' dir='ltr'><strong>fugiebat.</strong></span> <span class='ocrx_word' id='word_1_204' title='bbox 1091 2232 1149 2289; x_wconf 86' lang='lat' dir='ltr'><strong>Vo-</strong></span> 
     </span>
     <span class='ocr_line' id='line_1_24' title="bbox 239 2314 1150 2389; baseline 0.004 -21"><span class='ocrx_word' id='word_1_205' title='bbox 239 2314 376 2370; x_wconf 86' lang='lat' dir='ltr'><strong>luntatem</strong></span> <span class='ocrx_word' id='word_1_206' title='bbox 393 2332 457 2370; x_wconf 84' lang='lat' dir='ltr'><strong>vero</strong></span> <span class='ocrx_word' id='word_1_207' title='bbox 473 2315 565 2371; x_wconf 81' lang='lat' dir='ltr'><strong>Patris</strong></span> <span class='ocrx_word' id='word_1_208' title='bbox 582 2315 664 2386; x_wconf 81' lang='lat' dir='ltr'><strong>dicit,</strong></span> <span class='ocrx_word' id='word_1_209' title='bbox 690 2334 747 2372; x_wconf 91' lang='lat' dir='ltr'><strong>non</strong></span> <span class='ocrx_word' id='word_1_210' title='bbox 769 2318 904 2389; x_wconf 52' lang='lat' dir='ltr'><strong>quoniam*</strong></span> <span class='ocrx_word' id='word_1_211' title='bbox 918 2317 1048 2373; x_wconf 78' lang='lat' dir='ltr'><strong>moluerit</strong></span> <span class='ocrx_word' id='word_1_212' title='bbox 1063 2317 1150 2372; x_wconf 84' lang='lat' dir='ltr'><strong>Pater</strong></span> 
     </span>
     <span class='ocr_line' id='line_1_25' title="bbox 239 2395 1149 2474; baseline 0.002 -20"><span class='ocrx_word' id='word_1_213' title='bbox 239 2405 357 2454; x_wconf 84' lang='lat' dir='ltr'><strong>mortem</strong></span> <span class='ocrx_word' id='word_1_214' title='bbox 379 2399 445 2454; x_wconf 86' lang='lat' dir='ltr'><strong>Filii</strong></span> <span class='ocrx_word' id='word_1_215' title='bbox 473 2418 557 2472; x_wconf 82' lang='lat' dir='ltr'><strong>quam</strong></span> <span class='ocrx_word' id='word_1_216' title='bbox 585 2395 686 2471; x_wconf 77' lang='lat' dir='ltr'><strong>vitam3</strong></span> <span class='ocrx_word' id='word_1_217' title='bbox 713 2403 763 2458; x_wconf 89' lang='lat' dir='ltr'><strong>sed</strong></span> <span class='ocrx_word' id='word_1_218' title='bbox 789 2401 856 2473; x_wconf 83' lang='lat' dir='ltr'><strong>quia</strong></span> <span class='ocrx_word' id='word_1_219' title='bbox 881 2402 1033 2457; x_wconf 82' lang='lat' dir='ltr'><strong>humanum</strong></span> <span class='ocrx_word' id='word_1_220' title='bbox 1058 2419 1149 2474; x_wconf 83' lang='lat' dir='ltr'><strong>genus</strong></span> 
     </span>
    </p>

    <p class='ocr_par' dir='ltr' id='par_1_8' title="bbox 112 2485 1148 2559">
     <span class='ocr_line' id='line_1_26' title="bbox 112 2485 1148 2559; baseline 0.003 -20"><span class='ocrx_word' id='word_1_221' title='bbox 112 2540 118 2552; x_wconf 69' lang='lat'><em>,</em></span> <span class='ocrx_word' id='word_1_222' title='bbox 239 2485 390 2540; x_wconf 81' lang='lat' dir='ltr'><strong>restaurari</strong></span> <span class='ocrx_word' id='word_1_223' title='bbox 406 2485 520 2541; x_wconf 78' lang='lat' dir='ltr'><strong>nolebat</strong></span> <span class='ocrx_word' id='word_1_224' title='bbox 536 2486 628 2554; x_wconf 82' lang='lat' dir='ltr'><strong>Pater,</strong></span> <span class='ocrx_word' id='word_1_225' title='bbox 646 2486 702 2540; x_wconf 89' lang='lat' dir='ltr'><strong>nisi</strong></span> <span class='ocrx_word' id='word_1_226' title='bbox 720 2487 826 2542; x_wconf 81' lang='lat' dir='ltr'><strong>faceret</strong></span> <span class='ocrx_word' id='word_1_227' title='bbox 841 2487 924 2542; x_wconf 87' lang='lat' dir='ltr'><strong>homo</strong></span> <span class='ocrx_word' id='word_1_228' title='bbox 940 2493 998 2542; x_wconf 86' lang='lat' dir='ltr'><strong>tam</strong></span> <span class='ocrx_word' id='word_1_229' title='bbox 1015 2503 1148 2559; x_wconf 83' lang='lat' dir='ltr'><strong>magnum</strong></span> 
     </span>
    </p>

    <p class='ocr_par' dir='ltr' id='par_1_9' title="bbox 188 2569 1148 3070">
     <span class='ocr_line' id='line_1_27' title="bbox 188 2569 1148 2643; baseline 0.001 -16"><span class='ocrx_word' id='word_1_230' title='bbox 188 2575 221 2627; x_wconf 82' lang='lat'><strong>25</strong></span> <span class='ocrx_word' id='word_1_231' title='bbox 239 2569 358 2642; x_wconf 82' lang='lat' dir='ltr'><strong>aliquid,</strong></span> <span class='ocrx_word' id='word_1_232' title='bbox 383 2570 456 2625; x_wconf 87' lang='lat' dir='ltr'><strong>siout</strong></span> <span class='ocrx_word' id='word_1_233' title='bbox 479 2575 540 2625; x_wconf 86' lang='lat' dir='ltr'><strong>erat</strong></span> <span class='ocrx_word' id='word_1_234' title='bbox 560 2587 634 2624; x_wconf 86' lang='lat' dir='ltr'><strong>mors</strong></span> <span class='ocrx_word' id='word_1_235' title='bbox 651 2571 709 2625; x_wconf 85' lang='lat' dir='ltr'><strong>illa.</strong></span> <span class='ocrx_word' id='word_1_236' title='bbox 744 2570 818 2637; x_wconf 79' lang='lat' dir='ltr'><strong>Quia</strong></span> <span class='ocrx_word' id='word_1_237' title='bbox 839 2572 1054 2643; x_wconf 71' lang='lat' dir='ltr'><strong>noopososba&#39;t</strong></span> <span class='ocrx_word' id='word_1_238' title='bbox 1074 2573 1148 2628; x_wconf 78' lang='lat' dir='ltr'><strong>ratio</strong></span> 
     </span>
     <span class='ocr_line' id='line_1_28' title="bbox 239 2655 1145 2728; baseline 0.006 -19"><span class='ocrx_word' id='word_1_239' title='bbox 239 2655 314 2728; x_wconf 89' lang='lat' dir='ltr'><strong>quod</strong></span> <span class='ocrx_word' id='word_1_240' title='bbox 343 2655 413 2710; x_wconf 76' lang='lat' dir='ltr'><strong>alias</strong></span> <span class='ocrx_word' id='word_1_241' title='bbox 451 2655 545 2712; x_wconf 82' lang='lat' dir='ltr'><strong>faeere</strong></span> <span class='ocrx_word' id='word_1_242' title='bbox 576 2673 633 2710; x_wconf 87' lang='lat' dir='ltr'><strong>non</strong></span> <span class='ocrx_word' id='word_1_243' title='bbox 663 2660 790 2726; x_wconf 79' lang='lat' dir='ltr'><strong>poterat,</strong></span> <span class='ocrx_word' id='word_1_244' title='bbox 823 2656 927 2713; x_wconf 84' lang='lat' dir='ltr'><strong>ideireo</strong></span> <span class='ocrx_word' id='word_1_245' title='bbox 959 2657 1029 2712; x_wconf 83' lang='lat' dir='ltr'><strong>dicit</strong></span> <span class='ocrx_word' id='word_1_246' title='bbox 1055 2657 1145 2714; x_wconf 80' lang='lat' dir='ltr'><strong>Filius</strong></span> 
     </span>
     <span class='ocr_line' id='line_1_29' title="bbox 238 2741 1146 2814; baseline 0.002 -20"><span class='ocrx_word' id='word_1_247' title='bbox 238 2741 317 2794; x_wconf 86' lang='lat' dir='ltr'><strong>illum</strong></span> <span class='ocrx_word' id='word_1_248' title='bbox 343 2741 415 2798; x_wconf 85' lang='lat' dir='ltr'><strong>vello</strong></span> <span class='ocrx_word' id='word_1_249' title='bbox 440 2758 519 2797; x_wconf 89' lang='lat' dir='ltr'><strong>suam</strong></span> <span class='ocrx_word' id='word_1_250' title='bbox 543 2746 676 2811; x_wconf 78' lang='lat' dir='ltr'><strong>mortem3</strong></span> <span class='ocrx_word' id='word_1_251' title='bbox 705 2741 836 2811; x_wconf 87' lang='lat' dir='ltr'><strong>quoniam</strong></span> <span class='ocrx_word' id='word_1_252' title='bbox 859 2743 919 2814; x_wconf 87' lang='lat' dir='ltr'><strong>ipse</strong></span> <span class='ocrx_word' id='word_1_253' title='bbox 947 2741 1046 2797; x_wconf 78' lang='lat' dir='ltr'><strong>maluit</strong></span> <span class='ocrx_word' id='word_1_254' title='bbox 1068 2742 1146 2796; x_wconf 84' lang='lat' dir='ltr'><strong>illam</strong></span> 
     </span>
     <span class='ocr_line' id='line_1_30' title="bbox 238 2825 1146 2899; baseline 0.003 -21"><span class='ocrx_word' id='word_1_255' title='bbox 238 2825 305 2895; x_wconf 83' lang='lat' dir='ltr'><strong>pati,</strong></span> <span class='ocrx_word' id='word_1_256' title='bbox 324 2843 407 2897; x_wconf 86' lang='lat' dir='ltr'><strong>quam</strong></span> <span class='ocrx_word' id='word_1_257' title='bbox 426 2834 458 2882; x_wconf 86' lang='lat' dir='ltr'><strong>ut</strong></span> <span class='ocrx_word' id='word_1_258' title='bbox 475 2842 563 2899; x_wconf 77' lang='lat' dir='ltr'><strong>genus</strong></span> <span class='ocrx_word' id='word_1_259' title='bbox 579 2826 732 2882; x_wconf 85' lang='lat' dir='ltr'><strong>humanum</strong></span> <span class='ocrx_word' id='word_1_260' title='bbox 748 2844 804 2882; x_wconf 85' lang='lat' dir='ltr'><strong>non</strong></span> <span class='ocrx_word' id='word_1_261' title='bbox 823 2829 1046 2899; x_wconf 78' lang='lat' dir='ltr'><strong>salvaretur;=ae</strong></span> <span class='ocrx_word' id='word_1_262' title='bbox 1062 2827 1087 2882; x_wconf 89' lang='lat' dir='ltr'><strong>si</strong></span> <span class='ocrx_word' id='word_1_263' title='bbox 1105 2827 1146 2882; x_wconf 83' lang='lat' dir='ltr'><strong>tli-</strong></span> 
     </span>
     <span class='ocr_line' id='line_1_31' title="bbox 237 2911 1144 2981; baseline 0 -15"><span class='ocrx_word' id='word_1_264' title='bbox 237 2917 329 2967; x_wconf 74' lang='lat' dir='ltr'><strong>seret:</strong></span> <span class='ocrx_word' id='word_1_265' title='bbox 362 2911 492 2981; x_wconf 79' lang='lat' dir='ltr'><strong>quoniam</strong></span> <span class='ocrx_word' id='word_1_266' title='bbox 519 2927 576 2968; x_wconf 81' lang='lat' dir='ltr'><strong>non</strong></span> <span class='ocrx_word' id='word_1_267' title='bbox 603 2913 645 2966; x_wconf 85' lang='lat' dir='ltr'><strong>vis</strong></span> <span class='ocrx_word' id='word_1_268' title='bbox 669 2912 750 2968; x_wconf 81' lang='lat' dir='ltr'><strong>aliter</strong></span> <span class='ocrx_word' id='word_1_269' title='bbox 770 2913 1023 2970; x_wconf 72' lang='lat' dir='ltr'><strong>reconsiliationem</strong></span> <span class='ocrx_word' id='word_1_270' title='bbox 1046 2913 1144 2968; x_wconf 86' lang='lat' dir='ltr'><strong>mundi</strong></span> 
     </span>
     <span class='ocr_line' id='line_1_32' title="bbox 237 2995 1145 3070; baseline 0.003 -19"><span class='ocrx_word' id='word_1_271' title='bbox 237 2995 309 3064; x_wconf 81' lang='lat' dir='ltr'><strong>fiori,</strong></span> <span class='ocrx_word' id='word_1_272' title='bbox 335 2995 399 3052; x_wconf 78' lang='lat' dir='ltr'><strong>dieo</strong></span> <span class='ocrx_word' id='word_1_273' title='bbox 422 3002 451 3051; x_wconf 89' lang='lat' dir='ltr'><strong>ta</strong></span> <span class='ocrx_word' id='word_1_274' title='bbox 476 2997 529 3051; x_wconf 85' lang='lat' dir='ltr'><strong>hoc</strong></span> <span class='ocrx_word' id='word_1_275' title='bbox 553 2999 635 3052; x_wconf 84' lang='lat' dir='ltr'><strong>modo</strong></span> <span class='ocrx_word' id='word_1_276' title='bbox 660 2999 734 3054; x_wconf 83' lang='lat' dir='ltr'><strong>vello</strong></span> <span class='ocrx_word' id='word_1_277' title='bbox 752 3005 868 3053; x_wconf 80' lang='lat' dir='ltr'><strong>mortem</strong></span> <span class='ocrx_word' id='word_1_278' title='bbox 884 3015 989 3070; x_wconf 79' lang='lat' dir='ltr'><strong>meam3</strong></span> <span class='ocrx_word' id='word_1_279' title='bbox 1009 2999 1061 3054; x_wconf 78' lang='lat' dir='ltr'><strong>fiat</strong></span> <span class='ocrx_word' id='word_1_280' title='bbox 1077 3015 1145 3070; x_wconf 83' lang='lat' dir='ltr'><strong>erge</strong></span> 
     </span>
    </p>
   </div>
   <div class='ocr_carea' id='block_1_3' title="bbox 235 3181 1143 3389">
    <p class='ocr_par' dir='ltr' id='par_1_10' title="bbox 235 3181 1143 3389">
     <span class='ocr_line' id='line_1_33' title="bbox 309 3181 1141 3254; baseline 0.002 -16"><span class='ocrx_word' id='word_1_281' title='bbox 309 3188 333 3248; x_wconf 76' lang='lat'><strong>1)</strong></span> <span class='ocrx_word' id='word_1_282' title='bbox 353 3181 409 3238; x_wconf 79' lang='lat' dir='ltr'><strong>Cir.</strong></span> <span class='ocrx_word' id='word_1_283' title='bbox 430 3183 544 3252; x_wconf 69' lang='lat' dir='ltr'><strong>Luat,</strong></span> <span class='ocrx_word' id='word_1_284' title='bbox 565 3189 607 3240; x_wconf 78' lang='lat'><strong>52.</strong></span> <span class='ocrx_word' id='word_1_285' title='bbox 626 3214 661 3224; x_wconf 89' lang='lat'>-</span> <span class='ocrx_word' id='word_1_286' title='bbox 681 3187 708 3252; x_wconf 73' lang='lat'><strong>2)</strong></span> <span class='ocrx_word' id='word_1_287' title='bbox 730 3183 826 3240; x_wconf 82' lang='lat' dir='ltr'><strong>loann.</strong></span> <span class='ocrx_word' id='word_1_288' title='bbox 842 3191 866 3254; x_wconf 84' lang='grc'><strong>6,</strong></span> <span class='ocrx_word' id='word_1_289' title='bbox 884 3191 927 3242; x_wconf 79' lang='grc'><strong>38.</strong></span> <span class='ocrx_word' id='word_1_290' title='bbox 946 3211 981 3226; x_wconf 76' lang='lat'><strong>..</strong></span> <span class='ocrx_word' id='word_1_291' title='bbox 998 3189 1025 3248; x_wconf 80' lang='lat'><strong>3)</strong></span> <span class='ocrx_word' id='word_1_292' title='bbox 1044 3184 1141 3240; x_wconf 85' lang='lat' dir='ltr'><strong>Ioann.</strong></span> 
     </span>
     <span class='ocr_line' id='line_1_34' title="bbox 235 3253 1143 3389; baseline 0.002 -83"><span class='ocrx_word' id='word_1_293' title='bbox 235 3255 336 3374; x_wconf 49' lang='grc' dir='ltr'><strong>Μ</strong></span> <span class='ocrx_word' id='word_1_294' title='bbox 355 3280 397 3389; x_wconf 44' lang='lat' dir='ltr'><strong>{Q</strong></span> <span class='ocrx_word' id='word_1_295' title='bbox 414 3254 574 3378; x_wconf 49' lang='lat' dir='ltr'><strong>{tzllomm</strong></span> <span class='ocrx_word' id='word_1_296' title='bbox 593 3257 623 3321; x_wconf 86' lang='grc'><strong>8,</strong></span> <span class='ocrx_word' id='word_1_297' title='bbox 638 3257 682 3350; x_wconf 66' lang='grc' dir='ltr'><strong>Μ.</strong></span> <span class='ocrx_word' id='word_1_298' title='bbox 706 3283 739 3293; x_wconf 94' lang='grc'>-</span> <span class='ocrx_word' id='word_1_299' title='bbox 766 3260 799 3321; x_wconf 63' lang='lat' dir='ltr'><strong>tl</strong></span> <span class='ocrx_word' id='word_1_300' title='bbox 813 3253 910 3343; x_wconf 66' lang='lat' dir='ltr'><strong>illailla</strong></span> <span class='ocrx_word' id='word_1_301' title='bbox 932 3261 979 3319; x_wconf 80' lang='lat'><strong>26,</strong></span> <span class='ocrx_word' id='word_1_302' title='bbox 999 3260 1040 3312; x_wconf 83' lang='grc'><strong>39.</strong></span> <span class='ocrx_word' id='word_1_303' title='bbox 1059 3259 1143 3356; x_wconf 41' lang='lat' dir='ltr'><strong>fii)</strong></span> 
     </span>
    </p>
   </div>
   <div class='ocr_carea' id='block_1_4' title="bbox 0 0 1322 3806">
    <p class='ocr_par' dir='ltr' id='par_1_11' title="bbox 0 0 1322 3806">
     <span class='ocr_line' id='line_1_35' title="bbox 0 0 1322 3806; baseline 0 6"><span class='ocrx_word' id='word_1_304' title='bbox 0 0 1322 3806; x_wconf 95' lang='lat' dir='ltr'><strong> </strong></span> 
     </span>
    </p>
   </div>
  </div>
 </body>
</html>
