2636 3806
396 291 475 351 cUR
488 291 593 352 DEL'S
608 294 728 353 HOMO.
762 298 784 353 I.
803 302 912 354 te—ts.
1065 299 1108 366 29

203 469 252 518 aut
270 461 364 518 nullus
382 479 506 536 unquam
530 464 753 537 confirmaretur,
774 474 823 522 aut
848 484 962 523 neeesse
980 473 1040 523 arat
1058 468 1107 524 ali·

202 566 285 620 quem
310 566 450 616 casurum,
483 551 531 622 qui
557 551 594 606 ad
621 551 690 606 alios
714 551 918 608 ¹confirmandos
946 552 1106 623 puniretur3

202 651 274 705 quae
300 640 418 706 utraque
447 635 569 692 absurda
592 643 665 693 sunt.
707 637 760 692 Illo
784 637 880 708 itaque
905 638 987 692 modo
1008 635 1140 692 confir-5

200 719 268 774 mati
287 725 353 774 sunt
371 720 412 774 illi
438 722 487 793 qui
513 729 663 792 steterunt,
689 741 744 795 quo
768 723 873 793 pariter
891 720 1044 776 confirmati
1064 739 1105 778 aa·

200 810 264 860 sent
281 822 376 861 omnes
401 805 425 860 si
447 808 602 871 stetissent3
627 801 859 881 quemadmodum
877 807 985 863 ostendi
994 807 1014 878 1)
1033 807 1106 862 sieut

199 890 287 960 potui,
305 891 355 945 ubi
371 893 497 961 tractavi,
517 910 567 946 eur
580 893 658 948 Deus
679 894 790 950 diabolo
802 893 1037 964 perseverantiam
1049 908 1104 948 non

200 975 310 1044 dedita)
336 979 403 1031 Bos.
421 976 552 1032 Probasti
570 979 656 1033 malos
675 979 790 1050 angelos
811 981 846 1036 de
864 979 986 1034 humana
1003 978 1139 1034 natarat

199 1062 410 1133 restaurandum
435 1070 463 1116 et
485 1067 564 1132 patet
581 1081 614 1118 ex
632 1064 824 1134 lucratione,
850 1065 916 1137 quia
933 1083 990 1121 non
1007 1065 1036 1122 in
1054 1063 1104 1118 mi·

200 1147 259 1202 nori
276 1164 392 1203 numero
414 1153 496 1203 erunt
517 1149 598 1204 eleetl
621 1150 744 1207 homines
764 1168 848 1221 quam
867 1157 933 1205 sunt
951 1151 1045 1222 angeli
1063 1168 1105 1208 re·

199 1233 286 1304 probi.
322 1233 378 1290 Sed
395 1240 488 1288 utrum
507 1235 603 1305 plures
625 1235 713 1290 futuri
731 1236 799 1304 sint,
823 1235 957 1307 dputes,
982 1234 1104 1292 ostonde.
1152 1300 1154 1304 ,

279 1384 343 1473 18.
396 1417 466 1477 Aul.
487 1420 517 1478 Si
531 1421 631 1492 angeli,
651 1428 800 1492 antequam
813 1418 1047 1492 quidamillorum
1059 1435 1105 1474 ea·
1123 1417 1135 1469 l

199 1501 309 1574 darent,
334 1511 413 1560 erant
437 1505 466 1560 in
492 1506 540 1561 illo
562 1505 686 1577 perfeeto
711 1506 747 1560 de
764 1522 819 1576 quo
841 1503 960 1558 diximus
980 1519 1104 1572 numero,

198 1605 255 1643 non
273 1597 338 1645 sunt
357 1591 482 1647 homines
502 1591 570 1646 faeti
590 1589 644 1646 nisi
662 1607 712 1662 pro
729 1589 930 1644 restauratione
942 1589 1104 1660 angelorum

197 1675 382 1745 perditorum
407 1686 434 1734 et
458 1678 552 1749 palam
575 1683 631 1747 est,
657 1676 723 1747 quia
746 1692 802 1729 non
826 1680 907 1739 erunt
928 1673 1023 1745 plures
1041 1672 1103 1727 illis.

199 1758 229 1814 Si
248 1767 341 1816 autem
360 1763 408 1818 ille
433 1781 564 1819 nummus
586 1781 642 1818 non
665 1767 726 1817 erat
749 1760 779 1814 in
798 1759 854 1814 illis
872 1759 1000 1815 omnibus
1020 1762 1138 1830 ange-2

197 1842 250 1914 lis,
274 1845 468 1917 complendum
495 1855 537 1904 est
564 1849 599 1904 de
627 1845 784 1902 hominibus
811 1852 839 1902 et
867 1845 942 1918 quod
968 1844 1052 1917 periit
1076 1848 1105 1899 et

199 1930 274 1999 quod
299 1930 375 2001 prius
400 1933 509 2000 deerat,
536 1939 564 1988 et
588 1939 669 2004 erunt
692 1933 774 1987 electi
798 1930 922 1986 homines
946 1931 1039 2001 plures
1062 1941 1105 1986 re·

197 2014 432 2088 probis-angelis3
459 2027 488 2073 et
512 2018 550 2072 sie
571 2017 707 2086 dieamus,
733 2018 873 2088 quianon
889 2015 1003 2069 fuerunt
1018 2011 1104 2067 homi·

198 2117 248 2154 nes
265 2100 332 2155 faeti
349 2108 458 2156 tanturn
477 2103 513 2156 ad
530 2103 744 2158 restaurandum
757 2115 903 2156 numerum
920 2097 1103 2166 imminutum,

198 2186 248 2240 sed
277 2186 362 2241 etiam
393 2188 429 2241 ad
456 2187 655 2257 perfieiondum
680 2185 804 2240 nondum
829 2183 990 2254 perfeetum.
1033 2184 1136 2238 Boa3

198 2271 272 2336 Quid
297 2272 390 2342 potius
414 2272 564 2327 tenendum
588 2262 640 2341 est,
668 2289 704 2324 an
729 2269 804 2340 quod
830 2270 923 2340 angeli
941 2269 1019 2339 prius
1035 2267 1104 2322 faeti

150 2391 152 2396 -
198 2356 302 2411 sintin
319 2374 433 2413 numero
451 2357 589 2427 perfeeto,
616 2373 652 2410 an
670 2354 745 2410 non?
780 2355 851 2409 Ans.
881 2353 962 2419 Quod
978 2353 1046 2408 mihi
1063 2353 1102 2406 vi·

198 2442 279 2498 detur
298 2444 396 2498 dicam.
432 2443 501 2494 Bos.
518 2441 581 2498 Non
598 2459 711 2512 possum
727 2457 744 2494 a
761 2445 790 2495 te
805 2441 870 2511 plus
887 2441 1005 2511 exigere
1032 2438 1102 2491 Ans.
1119 2443 1137 2494 4

199 2527 229 2584 Si
246 2529 328 2584 homo
338 2528 439 2589 ¹faetus
459 2533 501 2583 est
518 2533 582 2597 post
599 2544 694 2582 casnm
714 2527 848 2581 malorum
861 2527 1030 2597 angelorum,
1050 2523 1100 2576 sie·

197 2621 231 2668 ut
253 2615 366 2685 quidam
389 2613 549 2685 intelligunt
573 2614 603 2667 in
628 2612 748 2681 Genesi,
773 2629 830 2666 non
851 2611 932 2666 video
955 2623 1036 2679 posse
1057 2620 1103 2661 me
1176 2617 1189 2634 ⁸

198 2716 249 2770 per
275 2700 328 2755 hoe
357 2701 475 2772 probare
506 2700 623 2754 alterum
648 2701 747 2754 horum
773 2697 963 2752 determinate.
1006 2693 1135 2749 Potest5

199 2783 272 2837 enim
291 2791 333 2850 lut
350 2787 429 2854 puto)
448 2801 516 2853 esse,
535 2785 611 2856 quod
628 2784 722 2854 angeli
738 2782 816 2853 prius
827 2780 931 2837 fuerint
943 2780 973 2833 in
988 2791 1102 2834 numero

198 2868 329 2939 perfeeto,
348 2877 377 2925 et
393 2877 490 2941 postea
508 2871 599 2924 faetus
620 2870 656 2924 sit
667 2868 755 2924 homo¹
765 2873 880 2937 propter
890 2865 1102 2946 restaurandum

198 2953 373 3010 imminutum
391 2973 485 3010 eorum
503 2970 664 3016 numerum3
692 2959 721 3008 et
743 2959 836 3022 potest
856 2968 929 3021 esse,
954 2949 1029 3020 quod
1046 2963 1102 3000 non

197 3037 302 3094 luerint
321 3039 351 3095 ln
372 3057 487 3096 numero
511 3041 649 3112 perfeeto,
677 3038 743 3110 quia
768 3037 915 3093 differebat
932 3036 1009 3089 Deus
1030 3031 1102 3085 siout

198 3122 290 3179 adhue
316 3125 424 3196 differt,
449 3126 528 3181 illum
549 3125 664 3199 implere
684 3141 844 3191 numerum,
865 3121 989 3177 facturus
1006 3117 1101 3172 huma·

193 3228 327 3240 *un-tnd-

269 3280 294 3346 l)
312 3297 391 3350 quem
410 3281 522 3332 modum
538 3277 562 3334 lt
581 3278 641 3333 Fa.

269 3349 295 3416 l)
314 3347 371 3402 Usu.
389 3346 499 3418 Dialog.
520 3349 555 3401 de
576 3347 651 3401 oasa
668 3345 790 3400 Diaboli
804 3360 828 3398 a
847 3347 871 3398 2.
891 3348 914 3398 3.
933 3346 976 3401 24.
