2636 3806
228 265 270 334 86
410 265 439 323 S.
459 262 628 322 ANSELMI
647 259 952 322 OANTUARIENSIS

228 433 284 489 imo
307 431 440 505 seipsum,
465 438 572 488 tentem
597 431 703 498 scilieet
726 447 872 501 personam
893 436 973 486 tsnts
989 431 1134 489 voluntate

195 517 314 575 tdedit.
361 519 429 573 Bos.
463 517 583 573 Multum
611 515 782 588 propinques
815 515 951 572 desiderio
976 533 1053 579 me0;
1081 519 1132 574 sed

228 601 333 658 sustine
350 608 382 657 ut
400 602 533 673 quiddam
551 619 698 674 quaeram,
718 599 793 672 quod
811 600 936 670 quemvis
952 601 1061 657 faturum
1077 602 1133 658 for·

227 687 302 743 sltem
323 681 417 758 putss‘
431 704 577 759 quaerere,
603 705 659 742 nou
684 692 777 740 temen
804 684 833 739 in
858 693 987 756 promptu
1004 687 1073 744 mihi
1091 693 1134 743 est

195 771 296 844 equid
330 773 519 842 respondeum,
555 773 580 826 si
615 789 633 827 a
666 787 710 826 me
747 777 904 842 quaeratur.
950 769 1028 826 Dicis
1058 772 1134 844 quis,

208 857 339 929 ‘qusudo
371 864 495 912 mortuus
525 864 580 926 est,
612 857 690 913 dedit
717 857 792 928 quod
824 873 880 911 nou
908 857 1035 912 debebat
1076 857 1132 914 Sed

229 959 311 998 neme
334 941 450 1014 negabit
471 941 550 996 illum
575 941 673 996 melius
697 940 810 1010 lesisse,
837 942 948 1012 quando
971 941 1025 997 hoe
1043 959 1133 999 exem·

229 1027 307 1098 plum
328 1026 422 1082 taliter
447 1025 538 1096 dedit,
566 1031 594 1083 et
619 1024 709 1097 magis
733 1024 785 1080 hou
813 1025 924 1095 plaeere
946 1025 1021 1097 Deo,
1049 1045 1133 1099 quem

230 1111 255 1166 si
274 1127 331 1166 uon
349 1110 403 1165 hoe
418 1109 547 1179 ferisset3
571 1114 621 1165 sut
638 1109 713 1164 ditet
731 1126 794 1164 eum
811 1126 868 1164 non
888 1110 1016 1167 debuisse
1031 1111 1132 1184 fecere,

230 1195 306 1267 quod
330 1194 428 1250 melius
452 1211 512 1251 esse
536 1198 565 1250 et
589 1195 663 1266 quod
680 1195 768 1266 magis
785 1194 895 1266 plaeere
912 1196 973 1252 Deo
990 1196 1133 1252 intellexit

196 1290 212 1340 9
230 1279 373 1345 Quomodo
395 1297 461 1353 ergo
488 1297 640 1337 asseremus
656 1297 726 1339 „eum
749 1296 805 1335 non
827 1279 956 1337 debuisse
972 1282 1033 1336 Deo
1058 1281 1132 1352 quod

229 1365 296 1420 feeit
317 1365 336 1420 i,
360 1382 383 1421 e
408 1365 483 1438 quod
506 1365 604 1422 melius
629 1382 689 1421 esse
710 1369 739 1421 et
763 1365 852 1436 magis
874 1364 985 1436 plaeere
1005 1365 1067 1421 Deo
1091 1365 1133 1420 in·

230 1450 350 1520 tellexit,
380 1451 542 1522 praesertim
573 1468 637 1506 eum
664 1456 791 1507 ereetum
817 1449 919 1505 debeat
945 1449 1007 1504 Deo
1035 1455 1132 1520 totum,

180 1531 212 1582 1⁰
230 1535 306 1607 quod
326 1541 372 1590 est
394 1542 423 1591 et
445 1536 519 1607 quod
542 1535 595 1592 seit
611 1543 639 1592 et
656 1536 732 1606 quod
747 1534 860 1606 potest?
894 1535 964 1589 Am.
1000 1535 1133 1600 Quemvis

227 1625 357 1676 eresturs
373 1621 442 1676 nihil
458 1620 561 1676 habeut
576 1637 594 1676 e
612 1638 649 1690 se,
674 1619 785 1692 quando
803 1624 897 1674 tumen
914 1619 955 1672 illi
970 1620 1049 1674 Deus
1069 1637 1134 1676 eon·

229 1703 305 1760 cedit
329 1704 437 1776 aliquid
461 1705 538 1762 lieite
565 1705 657 1760 iuuere
684 1710 713 1760 et
737 1720 793 1759 non
815 1703 923 1774 fauere,
950 1704 1000 1759 det
1024 1705 1065 1758 illi
1091 1705 1133 1760 its

229 1806 310 1844 suum
327 1806 386 1844 esse
401 1795 563 1862 utrumque,
589 1794 622 1844 ut
645 1789 711 1845 lieet
734 1788 851 1844 alterum
872 1789 909 1844 sit
924 1789 1038 1858 melius,
1064 1806 1132 1844 neu-

197 1875 200 1880 '
227 1877 302 1928 trum
318 1909 320 1916 ,
338 1878 432 1928 tumen
466 1873 592 1947 exigetur
628 1874 824 1944 determinate3
869 1874 918 1930 sed
955 1875 1012 1930 sive
1047 1874 1134 1932 fseist

229 1957 305 2030 quod
329 1958 428 2014 melius
455 1965 498 2016 est
523 1960 580 2016 sive
609 1961 742 2030 alteruis,
770 1959 872 2014 debere
902 1957 994 2015 faeere
1023 1960 1134 2016 dieeturr

229 2044 304 2115 quod
321 2043 405 2114 fseit3
425 2050 454 2099 et
469 2044 494 2098 si
509 2043 579 2100 feeit
590 2045 665 2116 quod
675 2044 773 2101 melius
786 2049 836 2113 est,
851 2044 1003 2115 praemium
1015 2044 1134 2116 hsbest;

180 2130 295 2204 liquis
320 2139 418 2203 sponte
443 2129 493 2184 dst
513 2129 587 2200 quod
604 2147 685 2184 suum
709 2133 758 2184 est
799 2129 872 2185 Nem
897 2144 960 2183 cum
986 2129 1133 2201 virginitas

200 2221 205 2226 '
229 2217 326 2274 melior
348 2216 385 2272 sit
407 2214 550 2287 coniugio,
579 2220 708 2269 neutrum
732 2213 882 2270 tamenab
905 2213 1016 2270 homine
1041 2215 1134 2271 deter-

228 2299 333 2354 minate
358 2300 491 2372 exigiturt
518 2299 567 2356 sed
585 2306 613 2356 et
636 2299 685 2370 qui
704 2297 832 2370 coniugio
849 2299 892 2353 uti
909 2301 1003 2372 etqui
1019 2301 1132 2372 virgini·

227 2389 313 2439 utem
339 2400 448 2442 sowere
469 2386 587 2457 mavult,
612 2386 687 2456 quod
711 2385 779 2440 feeit
796 2385 896 2442 debere
914 2385 1005 2440 faeere
1023 2385 1133 2441 dieitur.

179 2467 211 2520 1²
228 2469 316 2526 Nemo
326 2493 328 2500 s
339 2468 412 2525 enim
437 2467 624 2542 virginitatem
646 2472 704 2527 sive
727 2469 888 2542 coniugium
905 2470 973 2524 dieit
991 2470 1057 2542 eligi
1074 2487 1131 2525 uon

229 2553 346 2623 debereq
362 2554 411 2609 sed
429 2553 553 2623 dicimus,
571 2555 637 2625 quis
651 2555 730 2627 ¹quod
749 2556 855 2612 mauult
872 2555 962 2625 homo,
981 2561 1131 2627 sutequum

197 2652 200 2664 ·
227 2638 333 2710 aliquid
350 2638 448 2695 horum
470 2644 589 2708 statuat,
615 2639 669 2694 hoe
693 2641 776 2696 debet
793 2641 902 2711 fetere3
931 2646 960 2697 et
977 2639 1001 2695 si
1018 2641 1134 2712 virgini·

227 2728 313 2778 tutem
339 2729 446 2794 servet,
472 2741 523 2796 pro
548 2729 699 2795 spontaneo
726 2711 839 2782 munere
865 2727 940 2798 quod
966 2725 1048 2781 offert
1069 2723 1134 2781 Deo

178 2808 211 2862 1³
226 2809 379 2879 praemium
408 2815 543 2881 exportat
592 2809 662 2866 cnm
694 2827 761 2883 ergo
793 2819 948 2868 ereaturam
974 2809 1043 2866 dieis
1069 2809 1132 2865 Deo
1249 2821 1251 2828 ⁴

229 2893 330 2950 debere
347 2893 424 2965 quod
440 2893 539 2950 melius
562 2895 615 2951 seit
637 2902 666 2952 et
688 2903 794 2968 petest,
818 2898 842 2951 si
867 2895 1001 2968 intelligis
1026 2911 1059 2950 ex
1083 2894 1130 2950 de·

227 2978 287 3034 bite
306 2984 336 3034 et
351 2995 408 3034 non
425 2979 566 3052 subaudis,
584 2981 608 3036 si
623 2982 702 3038 Deus
717 2982 807 3052 iubet,
826 2999 882 3038 non
900 2987 942 3036 est
958 2997 1067 3052 semper
1084 2995 1131 3034 re·

227 3079 311 3120 rum
331 3063 486 3135 Siquidem,
510 3069 542 3120 ut
567 3063 638 3135 dixi,
662 3084 719 3122 nou
742 3067 826 3123 debet
842 3065 924 3122 homo
942 3065 1131 3138 drginitstsm

177 3149 211 3202 14
228 3165 261 3204 ex
279 3148 381 3218 debito,
405 3149 454 3204 sed
475 3149 499 3204 si
517 3149 637 3220 mavult,
662 3151 747 3207 debet
769 3150 812 3206 uti
835 3151 972 3224 coniugio.
1007 3148 1131 3215 Quodsi

226 3237 256 3288 te
274 3239 366 3289 movet
382 3233 497 3289 verbum
519 3235 594 3306 quod
621 3241 663 3292 est
684 3234 801 3304 debere,
824 3251 875 3290 nee
899 3243 980 3307 potes
1002 3235 1072 3290 illud
1089 3233 1130 3288 in·

226 3317 352 3390 telligere
372 3317 432 3374 sine
455 3318 549 3390 ulique
573 3319 683 3390 debito,
705 3318 789 3389 seiw,
816 3319 882 3390 quis
899 3321 972 3376 sieut
993 3318 1131 3390 eontiugit
